2032 3128
671 140 881 182 ΛΟΓΟΣ
912 140 1213 182 ΠΕΜΠΤΟΣ
1726 139 1759 190 2
1768 139 1795 190 1

120 275 320 341 μασίου
345 270 396 324 δ’
421 273 579 335 ὄντος
603 273 737 327 ὅλου
761 281 861 327 τοῦ
885 276 1072 341 τρίτου
1096 275 1328 343 τείχους,
1349 275 1801 343 θαυμασιώτερος

121 360 300 430 ἀνεῖχε
338 362 472 413 κατὰ
510 363 719 428 γωνίαν
757 363 976 431 βόρειός
1013 381 1068 414 τε
1108 360 1199 414 καὶ
1229 364 1366 429 πρὸς
1404 363 1566 416 δύσιν
1607 363 1636 416 ὁ
1685 365 1801 431 Ψή-

119 468 283 517 φινος
312 449 540 518 πύργος,
571 447 699 501 καθ’
732 449 797 503 ὃν
830 449 1359 519 ἐστρατοπεδεύσατο
1402 454 1577 514 Τίτος·
1618 450 1800 520 <16Ο>

120 534 208 589 ἐπὶ
254 537 358 606 γὰρ
405 535 781 606 ἑβδομήκοντα
826 539 1014 608 πήχεις
1059 537 1270 606 ὑψηλὸς
1309 539 1413 609 ὥν,
1449 536 1711 607 Ἀραβίαν
1749 538 1797 592 τ’

74 647 95 679 5
119 624 442 694 ἀνίσχοντος
486 625 647 693 ἡλίου
694 635 951 695 παρεῖχεν
998 625 1216 695 ἀφορᾶν
1262 625 1353 679 καὶ
1403 626 1560 697 μέχρι
1597 628 1799 681 θαλάτ-

117 732 211 780 της
257 714 323 766 τά
369 721 463 781 τῆς
501 712 770 783 Ἑβραίων
820 717 1148 784 κληρουχίας
1202 716 1414 784 ἔσχατα.
1493 715 1804 783 ὀκτάγωνος

119 797 169 853 δ’
206 798 288 870 ἦν.
352 803 533 870 <161>
571 803 769 855 τούτου
811 798 859 855 δ’
905 804 1166 873 ἄντικρυς
1199 803 1227 857 ὁ
1255 801 1511 872 Ἱππικός,
1549 802 1639 856 καὶ
1671 802 1793 872 παρ’

118 890 287 943 αὐτὸν
351 891 454 943 δύο
515 892 1034 960 κατεσκευάσθησαν
1088 888 1190 961 μὲν
1244 890 1338 961 ὑφ’
1388 890 1649 961 “Ηρώδου
1703 900 1803 945 τοῦ

118 976 386 1046 βασιλέως
426 978 486 1031 ε’ν
524 987 598 1051 τῷ
640 979 847 1053 ἀρχαίῳ
879 982 1063 1049 τείχει,
1102 978 1336 1048 μέγεθος
1375 977 1437 1033 δὲ
1474 979 1567 1033 καὶ
1606 980 1806 1043 κάλλος

54 1092 95 1123 10
117 1062 261 1135 ἦσαν
310 1065 402 1120 καὶ
454 1067 757 1137 ὀχυρότητα
808 1078 918 1121 τῶν
967 1069 1102 1121 κατὰ
1153 1070 1254 1137 τὴν
1306 1067 1636 1138 οἰκουμένην
1687 1069 1804 1121 διά-

118 1175 299 1224 φοροι.
351 1156 532 1224 <162>
569 1159 705 1226 πρὸς
742 1158 847 1227 γὰρ
887 1164 959 1227 τῷ
1002 1158 1167 1227 φύσει
1208 1159 1571 1230 μεγαλοψύχῳ
1610 1155 1702 1210 καὶ
1741 1164 1804 1227 τῇ

116 1243 241 1313 περὶ
279 1246 381 1313 τὴν
419 1247 583 1298 πόλιν
622 1249 907 1317 φιλοτιμία
944 1247 1045 1314 τὴν
1091 1246 1368 1316 ὑπεροχὴν
1405 1255 1516 1299 τῶν
1557 1248 1734 1316 ἔργων
1774 1246 1804 1299 ὁ

116 1337 377 1402 βασιλεὺς
429 1334 668 1387 πάθεσιν
723 1337 946 1398 οἰκείοις
999 1334 1300 1405 ἐχαρίζετο,
1353 1333 1445 1388 καὶ
1492 1333 1638 1401 τρισὶ
1690 1343 1806 1396 τοῖς

117 1422 362 1490 ἡδίστοις
411 1424 727 1491 προσώποις
776 1421 873 1491 ἀφ’
930 1418 1009 1476 ὧν
1062 1424 1312 1492 ὠνόμασε
1362 1425 1492 1485 τοὺς
1541 1423 1809 1492 πύργους,

52 1532 94 1565 15
119 1510 340 1582 ἀδελφςό
387 1510 478 1563 καὶ
526 1515 671 1583 φίλῳ
717 1510 808 1565 καὶ
847 1515 1097 1580 γυναικί,
1142 1512 1242 1580 τὴν
1290 1513 1510 1581 μνήμην
1549 1509 1810 1579 ἀνέθηκε,

118 1601 218 1668 τὴν
259 1598 378 1668 μέν,
417 1601 492 1663 ὡς
521 1602 943 1670 προειρήκαμεν,
983 1604 1197 1663 κτείνας
1237 1598 1310 1653 δι’
1358 1602 1550 1669 ἔρωτα,
1590 1602 1720 1661 τοὺς
1751 1596 1802 1651 δ’

118 1687 415 1757 ἀποβαλὼν
456 1688 517 1742 έν
554 1689 775 1762 πολέμῳ
815 1693 1084 1757 γενναίως
1124 1688 1587 1758 ἀγωνισαμένους.
1626 1688 1809 1757 <163>

118 1777 147 1829 ὁ
196 1773 297 1845 μὲν
352 1773 456 1830 οὖν
503 1776 745 1841 Ἱππικὸς
799 1777 906 1831 ἀπὸ
960 1786 1060 1832 τοῦ
1114 1781 1282 1847 φίλου
1336 1774 1812 1847 προσαγορευθεὶς

117 1865 459 1935 τετράγωνος
507 1863 608 1934 μὲν
658 1862 756 1934 ἦν,
810 1862 974 1936 εὖρος
1029 1863 1090 1919 δὲ
1138 1865 1229 1919 καὶ
1280 1873 1451 1935 μῆκος
1496 1870 1671 1918 εἴκοσι
1720 1861 1811 1917 καὶ

11 1941 17 1943 Δ
52 1975 96 2007 20
119 1952 280 2006 πέντε
327 1956 546 2023 πήχεων
593 1955 823 2008 ἕκαστον
871 1954 962 2008 καὶ
1007 1955 1150 2019 ὕψος
1194 1952 1513 2024 τριάκοντα,
1561 1953 1811 2022 οὐδαμοῦ

119 2041 386 2106 διάκενος.
463 2044 643 2111 <164>
694 2041 833 2113 ὑπὲρ
875 2041 936 2096 δὲ
974 2045 1035 2097 τὸ
1075 2049 1277 2112 πλῆρες
1314 2041 1406 2096 καὶ
1437 2050 1555 2104 ταῖς
1592 2039 1813 2111 πέτραις

118 2131 516 2200 συνηνωμένον
570 2134 649 2195 εἰς
704 2131 939 2203 ἐκδοχὴν
1000 2142 1112 2185 τῶν
1174 2133 1401 2203 ὄμβρων
1463 2133 1815 2200 εἰκοσίπηχυς

118 2219 318 2282 λάκκος
355 2216 427 2288 ἧν
465 2221 526 2272 τὸ
567 2221 760 2289 βάθος.
838 2221 1023 2290 <165>
1073 2221 1255 2274 ἐπάνω
1297 2218 1358 2274 δὲ
1397 2221 1598 2274 τούτου
1640 2220 1815 2271 δίστε-

118 2327 216 2375 γος
256 2304 407 2371 οἶκος
445 2305 542 2377 ἦν,
576 2309 711 2362 ὅσον
751 2314 927 2362 εἴκοσι
964 2307 1056 2362 καὶ
1095 2308 1257 2362 πέντε
1295 2311 1514 2379 πήχεων
1553 2309 1614 2361 τὸ
1653 2308 1815 2376 ὕψος,

51 2417 96 2450 25
120 2397 198 2458 είς
234 2399 456 2449 ποικίλα
495 2395 624 2465 τέγη
667 2395 1017 2467 διῃρημένος,
1057 2396 1196 2465 ὑπὲρ
1238 2397 1304 2450 ὃν
1335 2398 1554 2464 τύρσεις
1593 2394 1694 2465 μὲν
1734 2397 1817 2449 δι-

117 2486 328 2553 πήχεις,
367 2494 727 2555 προμαχῶνες
768 2483 828 2538 δὲ
867 2486 1266 2556 περιβέβληντο
1306 2489 1600 2556 τριπήχεις,
1641 2485 1715 2548 ὡς
1752 2485 1814 2537 τὸ

116 2580 227 2625 πᾶν
289 2573 433 2637 ὕψος
501 2575 580 2636 εἰς
649 2573 994 2642 ὀγδοήκοντα
1062 2576 1254 2645 πήχεις
1325 2578 1815 2643 συναριθμεῖσθαι.

118 2662 304 2731 <166>
353 2662 381 2716 ὁ
433 2659 494 2714 δὲ
542 2663 800 2733 δεύτερος
843 2664 1072 2734 πύργος,
1119 2663 1187 2716 ὃν
1234 2663 1524 2732 ὠνόμασεν
1571 2660 1678 2715 ἀπὸ
1725 2660 1816 2714 τά-

119 2750 330 2819 δελφοῦ
380 2751 705 2820 Φασάηλον,
756 2754 818 2805 τὸ
859 2749 962 2821 μὲν
1007 2752 1211 2815 πλάτος
1249 2750 1340 2804 καὶ
1381 2753 1442 2805 τὸ
1483 2758 1654 2820 μῆκος
1694 2755 1817 2803 ἴσον

50 2858 95 2891 30
119 2834 254 2909 εἶχε,
292 2840 692 2910 τετταράκοντα
730 2843 952 2911 πήχεων
992 2840 1224 2895 ἕκαστον
1234 2882 1250 2909 ,
1293 2838 1380 2893 ἐπὶ
1420 2839 1819 2908 τετταράκοντα

118 2925 171 2979 δ’
215 2927 389 2981 αὐτοῦ
428 2930 490 2981 τὸ
529 2931 736 2983 ναστὸν
768 2925 837 2998 ἦν
869 2929 1023 2994 ὕψος.
1103 2930 1289 2999 <167>
1330 2927 1514 2982 ε’πάνω
1555 2925 1605 2981 δ’
1646 2927 1818 2981 αὐτοῦ
