2032 3128
190 97 299 149 314
745 101 847 141 ΕΙΣ
878 101 1316 143 ΜΑΚΚΑΒΑΙΟΤΣ

189 229 289 299 μὲν
314 233 386 300 μὴ
419 234 721 301 πεισθείης,
752 233 917 296 τάλας
940 231 1299 302 βασανισθεὶς
1331 232 1422 286 καὶ
1445 231 1609 297 αὐτὸς
1631 233 1869 306 τεθνήξῃ

188 322 390 388 ἄωρος,
436 318 683 382 πεισθεὶς
723 318 784 373 δὲ
821 323 984 390 φίλος
1021 323 1118 392 ἔσῃ
1161 321 1251 375 καὶ
1289 331 1400 375 τῶν
1440 320 1529 375 ἐπὶ
1573 330 1670 391 τῆς
1715 326 1871 391 βασι-

188 410 335 470 λειάς
380 408 633 479 ἀφηγήσῃ
679 398 1049 478 πραγμάτων.’
1127 410 1307 477 <146>
1353 408 1444 463 καὶ
1482 419 1652 464 ταῦτα
1698 429 1871 481 παρα-

188 501 372 550 καλῶν
423 498 525 565 τὴν
579 495 783 566 μητέρα
845 505 944 551 τοῦ
1005 499 1202 560 παιδὸς
1262 497 1659 567 μετεπέμψατο,
1724 499 1870 562 ὅπως

189 582 362 652 αὐτὴν
401 584 625 653 ἐλεήσας
669 586 951 639 τοσούτων
996 587 1135 639 υἱῶν
1179 591 1545 655 στερηθεῖσαν
1589 590 1869 656 παρορμή-
1916 609 1937 641 5

188 686 333 725 σειεν
361 670 447 725 ἐπὶ
479 673 580 741 τὴν
613 676 888 740 σωτηρίαν
911 671 1144 741 εὐπειθῆ
1179 680 1404 741 ποιῆσαι
1434 675 1532 727 τὸν
1561 677 1870 745 περιλειπό-

186 780 369 829 μενον.
432 760 460 813 ὃ
496 759 574 830 δέ,
613 768 708 828 τῆς
746 763 948 830 μητρὸς
979 769 1043 831 τῇ
1075 759 1326 831 Ἐβραΐδι
1364 770 1523 832 φωνῇ
1563 773 1872 832 προτρεψα-

186 848 351 918 μένης
389 848 559 902 αὐτὸν
600 849 673 912 ὡς
698 849 946 918 ’ἐροῦμεν
985 852 1183 919 μικρὸν
1221 849 1473 921 ὕστερον,
1514 849 1740 904 ζλύσατέ
1775 850 1870 920 με’

186 942 370 1007 φησίν.
413 938 571 991 ςεἴπω
611 958 662 991 τι
700 946 775 1009 τῷ
817 941 1036 1007 βασιλεῖ
1069 937 1161 991 καὶ
1198 947 1314 1001 τοῖς
1353 941 1459 992 σὺν
1497 937 1645 1010 αὐτῷ
1687 942 1871 1008 φίλοις

183 1026 349 1079 πᾶσιῖ
429 1028 606 1094 <147>
652 1025 743 1079 καὶ
791 1026 1135 1097 ἐπιχαρέντες
1180 1027 1209 1079 ὅ
1256 1046 1312 1080 τε
1365 1029 1623 1096 βασιλεὺς
1674 1026 1765 1080 καὶ
1813 1029 1872 1081 οἱ
1892 1050 1934 1082 10

185 1118 290 1168 σὺν
336 1114 481 1186 αὐτῷ
530 1115 762 1183 μάλιστα
809 1113 897 1167 ἐπὶ
942 1123 1006 1184 τῇ
1056 1115 1350 1186 ἐπαγγελίᾳ
1394 1122 1494 1170 τοῦ
1540 1117 1736 1179 παιδὸς
1777 1136 1870 1168 τα-

184 1203 319 1272 χέως
351 1206 551 1256 ἔλυσαν
584 1200 770 1257 αὐτόν.
833 1204 1015 1271 <148>
1052 1204 1080 1256 ὃ
1115 1201 1176 1256 δὲ
1208 1205 1435 1273 δραμὼν
1466 1205 1593 1272 ἔστη
1633 1209 1869 1272 πλησίον

182 1302 293 1346 τῶν
331 1293 585 1361 τηγάνων
622 1290 713 1344 καὶ
754 1294 859 1361 ἔφη
901 1288 971 1344 τὦ
1013 1292 1201 1345 ἀνόσιε
1240 1291 1331 1346 καὶ
1370 1293 1595 1346 πάντων
1630 1302 1741 1346 τῶν
1771 1311 1869 1347 πο-

181 1391 368 1451 νηρῶν
414 1379 737 1449 ἀσεβέστατε
784 1382 1044 1450 τύραννε,
1099 1379 1201 1434 οὐκ
1256 1379 1521 1451 ᾐδέσθης,
1576 1383 1723 1451 παρὰ
1769 1390 1868 1436 τοῦ

181 1475 320 1523 θεοῦ
359 1470 545 1538 λαβὼν
584 1469 649 1522 τὰ
688 1469 874 1536 ἀγαθὰ
911 1467 1002 1522 καὶ
1042 1470 1143 1537 τὴν
1182 1472 1488 1538 βασιλείαν,
1527 1472 1659 1533 τοὺς
1695 1471 1863 1538 θερά-
1889 1491 1931 1524 15

179 1576 382 1619 ποντας
413 1555 585 1610 αὐτοῦ
617 1566 962 1610 κατακτεῖναι
992 1556 1083 1610 καὶ
1114 1561 1242 1620 τοὺς
1272 1565 1368 1626 τῆς
1397 1556 1677 1626 εὐσεβείας
1701 1558 1866 1628 ἀσκη-

181 1648 273 1709 τὰς
319 1649 684 1714 στρεβλῶσαι,
731 1643 861 1698 ἀνθ’
895 1641 974 1698 ὧν
1011 1647 1331 1714 ταμιεύεταί
1376 1661 1436 1699 σε
1483 1647 1516 1715 ἡ
1563 1650 1693 1700 θεία
1740 1649 1864 1716 δίκη

179 1733 495 1807 πυκνοτέρςο
535 1733 625 1787 καὶ
658 1737 863 1806 αἰωνίῳ
897 1732 1033 1803 πυρὶ
1071 1733 1162 1787 καὶ
1201 1735 1483 1804 βασάνοις,
1522 1739 1583 1788 αἳ
1618 1737 1695 1798 εἰς
1733 1736 1867 1789 ὅλον

179 1827 276 1879 τὸν
315 1826 489 1877 αἰῶνα
528 1821 630 1876 οὐκ
670 1822 945 1891 ἀνήσουσί
980 1837 1056 1876 σε.
1126 1823 1310 1892 <149>
1349 1822 1450 1876 οὐκ
1489 1822 1733 1895 ᾐδέσθης
1770 1826 1866 1877 ἄν-

177 1919 404 1981 θρωπος
451 1914 549 1980 ὥν,
595 1909 1026 1980 θηριωδέστατε,
1082 1914 1212 1973 τοὺς
1259 1911 1621 1979 ὁμοιοπαθεῖς
1665 1911 1755 1965 καὶ
1806 1912 1866 1966 ἐκ
1890 1934 1934 1965 20

180 2012 290 2055 τῶν
345 1999 528 2054 αὐτῶν
581 2002 879 2068 γεγονότας
933 2002 1219 2069 στοιχείων
1273 2004 1717 2069 γλωττοτομῆσαι
1774 2002 1866 2054 καὶ

179 2099 379 2145 τοῦτον
417 2092 733 2151 καταικίσας
770 2090 868 2142 τὸν
908 2090 1116 2156 τρόπον
1155 2091 1477 2155 βασανίσαι;
1521 2088 1701 2158 <150>
1740 2088 1857 2142 ἀλλ’

180 2183 238 2232 οἳ
279 2177 380 2248 μὲν
419 2179 656 2246 εὐγενῶς
695 2177 1073 2239 ἀποθανόντες
1112 2175 1436 2245 ἐπλήρωσαν
1473 2178 1574 2245 τὴν
1613 2180 1690 2241 εἰς
1726 2180 1866 2232 θεὸν

179 2267 482 2337 εὐσέβειαν,
530 2268 598 2319 σὺ
641 2263 702 2318 δὲ
747 2267 912 2328 κακὸς
949 2275 1127 2328 κακῶς
1167 2265 1397 2336 οἰμώξῃ,
1444 2268 1572 2328 τοὺς
1610 2273 1706 2334 τῆς
1744 2266 1867 2337 ἀρε-

178 2365 272 2425 τῆς
318 2355 626 2424 ἀγωνιστὰς
664 2353 923 2416 ἀναιτίως
962 2353 1297 2416 ἀποκτείνας.
1375 2354 1557 2424 <151>
1597 2355 1736 2408 ὅθεν
1774 2354 1865 2408 καὶ
1890 2374 1933 2408 25

179 2445 343 2508 αὐτὸς
382 2444 761 2512 ἀποθνήσκειν
794 2442 1035 2512 μέλλων’
1070 2445 1175 2511 ἔφη
1219 2442 1346 2495 εοὐκ
1378 2442 1739 2513 ἀπαυτομολῶ
1771 2452 1866 2512 τῆς

179 2544 289 2587 τῶν
321 2533 580 2602 ἀδελφῶν
620 2551 728 2600 μου
769 2531 1055 2600 ἀριστείας.
1127 2530 1489 2599 ἐπικαλοῦμαι
1528 2528 1590 2584 δὲ
1628 2533 1727 2585 τὸν
1764 2549 1866 2584 πα-

176 2630 355 2694 τρῷον
409 2624 575 2690 θεόν,
637 2621 784 2683 ὅπως
845 2621 1004 2682 ἵλεως
1064 2618 1287 2688 γε’νηται
1341 2627 1415 2691 τῷ
1476 2621 1631 2673 ἔθνει
1692 2619 1865 2689 ἡμῶν.

178 2710 358 2779 <152>
397 2707 457 2762 σὲ
490 2707 551 2763 δὲ
589 2708 679 2762 καὶ
721 2709 781 2762 ἐν
812 2716 886 2779 τῷ
926 2715 1033 2760 νῦν
1064 2711 1168 2780 βίῳ
1207 2705 1300 2760 καὶ
1338 2710 1589 2761 θανόντα
1627 2711 1865 2778 τιμωρή-

178 2800 361 2852 σεται.’
438 2797 529 2851 καὶ
574 2805 743 2851 ταῦτα
793 2795 1188 2865 κατευξάμενος
1236 2794 1434 2849 ἑαυτὸν
1482 2798 1671 2867 ἔρριψε
1726 2797 1862 2849 κατὰ
1886 2819 1930 2850 30

175 2898 285 2941 τῶν
324 2888 599 2956 τηγάνων,
637 2884 726 2939 καὶ
768 2885 942 2947 οὕτως
982 2883 1227 2938 ἀπέδωκε
1266 2886 1368 2954 τὴν
1406 2887 1605 2954 ψυχήν.
