2032 3128
757 101 968 143 ΛΟΓΟΣ
999 101 1201 143 ΕΚΤΟΣ
1746 98 1814 150 79

137 243 248 286 τῶν
287 234 678 302 πολεμούντων
716 236 1032 304 προθυμίας
1070 233 1250 287 ἐλπίδι
1289 231 1379 286 καὶ
1414 235 1587 306 λόγῳ,
1625 233 1720 296 τάς
1756 252 1814 286 τε

133 322 445 391 προτροπὰς
496 319 587 373 καὶ
639 322 736 384 τὰς
788 320 1109 391 ὑποσχέσεις
1161 322 1423 384 πολλάκις
1477 318 1579 390 μὲν
1632 324 1814 390 λήθην

134 410 520 480 ἐνεργάζεσθαι
559 418 668 462 τῶν
708 410 1014 478 κινδύνων,
1068 411 1178 462 ἔστι
1220 407 1268 462 δ’
1310 410 1398 462 ὅτε
1435 408 1527 462 καὶ
1564 410 1814 463 θανάτου

131 501 564 567 καταφρόνησιν,
619 499 950 566 συναγαγὼν
1004 496 1091 550 ἐπὶ
1137 497 1302 550 ταύτὸ
1353 500 1481 560 τοὺς
1531 497 1814 567 ἀλκίμους,

87 607 108 640 5
132 585 382 656 ἐπειρᾶτο
421 594 533 639 τῶν
572 584 821 655 ἀνδρῶν,
862 587 1007 654 <34>
1047 582 1116 638 (ὦ
1158 585 1576 656 συστρατιῶται’
1617 584 1811 654 λέγων,

132 673 212 727 ετὸ
253 671 354 743 μὲν
401 678 738 744 παρακαλεῖν
779 672 866 726 ἐπὶ
911 675 977 726 τά
1017 675 1090 743 μὴ
1133 673 1374 744 φέροντα
1411 674 1677 726 κίνδυνον
1717 673 1813 726 αὐ-

130 765 299 815 τόθεν
339 771 454 825 τοῖς
491 761 1001 832 παρακαλουμένοις
1038 761 1240 831 ἀκλεές,
1279 760 1466 830 ἀμέλει
1507 758 1568 814 δὲ
1605 759 1696 814 καὶ
1734 768 1809 832 τῷ

127 855 536 920 παρακαλοῦντι
561 849 717 920 φέρει
742 851 1089 918 κατάγνωσιν
1106 850 1429 920 ἀνανδρίας·
1463 849 1607 919 <35>
1634 851 1722 902 δεῖ
1737 847 1812 917 δ’,

129 935 307 1008 οἶμαι,
356 946 667 1010 προτροπῆς
704 941 782 1001 εἰς
820 941 963 1008 μόνα
1008 941 1075 992 τὰ
1123 940 1371 1009 σφαλερὰ
1413 947 1524 991 τῶν
1565 938 1812 1008 πραγμά-

59 1050 102 1082 10
126 1046 265 1095 των,
305 1027 378 1090 ὡς
416 1026 597 1080 ἐκεῖνά
635 1047 696 1095 γε
735 1023 864 1079 καθ’
902 1027 1103 1089 αὑτοὺς
1140 1027 1399 1096 πράττειν
1438 1025 1610 1090 ἄξιον.
1669 1026 1814 1094 <36>

125 1114 251 1169 ὥστ’
282 1118 452 1184 ε”γωγε
483 1117 545 1169 τὸ
578 1112 679 1184 μὲν
710 1115 977 1185 ὑπάρχειν
1008 1117 1251 1186 χαλεπὴν
1282 1116 1384 1183 τὴν
1424 1113 1512 1168 ἐπὶ
1544 1116 1604 1167 τὸ
1637 1124 1814 1184 τεῖχος

123 1206 332 1258 ἄνοδον
364 1205 529 1267 αὐτὸς
558 1204 693 1273 ὑμῖν
724 1207 1054 1274 προτίθημι·
1094 1205 1155 1257 τὸ
1190 1202 1240 1256 δ’
1272 1204 1354 1257 ὅτι
1386 1204 1620 1272 μάλιστα
1643 1216 1811 1271 προσ-

122 1295 240 1361 ήκει
303 1293 578 1364 μάχεσθαι
638 1302 754 1356 τοῖς
816 1294 1109 1356 δυσκόλοις
1163 1295 1291 1355 τοὺς
1345 1291 1538 1362 ἀρετῆς
1599 1289 1811 1360 ἐφιεμέ-

121 1402 276 1451 νους,
324 1381 415 1435 καὶ
462 1383 545 1435 ὅτι
590 1382 762 1435 καλὸν
803 1380 863 1435 ἐν
902 1382 1122 1453 εὐκλείᾳ
1160 1383 1415 1450 τελευτή,
1464 1378 1557 1433 καὶ
1597 1380 1670 1443 ὡς
1709 1379 1811 1433 οὐκ

55 1485 96 1524 '15
121 1471 370 1538 ἄκαρπον
418 1472 568 1523 ἔσται
614 1479 729 1532 τοῖς
768 1468 1196 1539 καταρξαμένοις
1234 1470 1294 1522 τὸ
1335 1478 1620 1538 γενναῖον,
1672 1467 1811 1532 διέξ-

122 1578 247 1627 ειμι.
325 1559 471 1627 <37>
519 1567 740 1626 πρῶτον
779 1554 881 1627 μὲν
922 1554 1024 1612 οὖν
1063 1557 1198 1627 ὑμῖν
1236 1555 1488 1626 γενέσθω
1526 1558 1810 1628 προτροπὴ

118 1650 181 1700 τό
221 1666 374 1710 τινας
407 1652 537 1710 ἴσως
569 1645 898 1717 ἀποτρέπον,
936 1647 969 1715 ἡ
1004 1645 1292 1700 Ἰουδαίων
1332 1649 1687 1716 μακροθυμία
1720 1644 1811 1698 καὶ

117 1737 179 1788 τὸ
234 1737 558 1805 καρτερικὸν
615 1735 676 1789 ἐν
730 1729 814 1799 οἷς
867 1741 1304 1789 κακοπαθοῦσιν.
1382 1735 1529 1804 <38>
1580 1735 1810 1804 αἰσχρὸν

117 1825 223 1895 γὰρ
258 1822 555 1893 Ῥωμαίους
593 1822 638 1876 τ’
688 1826 851 1888 ὄντας
887 1823 979 1877 καὶ
1012 1825 1344 1894 στρατιώτας
1378 1824 1558 1893 ἐμούς,
1597 1822 1688 1877 καὶ
1729 1825 1812 1876 δι-

7 1941 14 1944 ·
49 1914 321 1967 εοτδακτὸν
369 1909 470 1982 μὲν
511 1912 571 1966 ἐν
612 1915 803 1984 εἰρήνῃ
843 1915 904 1967 τὸ
943 1918 1235 1982 πολεμεῖν,
1283 1914 1484 1982 ἔθιμον
1525 1908 1575 1965 δ’
1615 1911 1675 1965 έν
1713 1929 1810 1965 πο-

117 2000 263 2074 λέμῳ
309 2003 371 2054 τὸ
420 2012 642 2071 κρατεῖν
690 2004 943 2072 ἔχοντας,
993 2002 1266 2071 ἡττᾶσθαι
1312 2002 1448 2054 κατὰ
1486 2010 1641 2071 χεῖρα
1671 1999 1809 2054 Ἰου-

117 2091 293 2143 δαίων
339 2089 373 2158 ἢ
420 2092 556 2144 κατὰ
602 2094 809 2160 ψυχήν,
864 2089 955 2144 καὶ
1010 2098 1180 2145 ταῦτα
1225 2091 1363 2161 πρὸς
1407 2098 1483 2161 τῷ
1533 2089 1676 2143 τέλει
1715 2095 1810 2157 τῆς

113 2180 269 2247 νίκης
321 2177 413 2231 καὶ
468 2177 950 2249 συνεργουμένους
1003 2179 1112 2233 ὑπὸ
1163 2187 1265 2233 τοῦ
1314 2184 1470 2232 θεοῦ.
1550 2180 1695 2247 <39>
1742 2178 1808 2230 τὰ

112 2263 214 2335 μὲν
253 2267 358 2336 γὰρ
397 2267 632 2337 ἡμέτερα
671 2271 979 2338 πταίσματα
1019 2275 1114 2337 τῆς
1146 2266 1437 2322 Ἰουδαίων
1485 2265 1634 2320 ἐστὶν
1674 2265 1808 2319 ἀπο-

44 2376 87 2409 25
111 2358 294 2425 νοιάς,
340 2357 407 2409 τὰ
449 2355 497 2409 δ’
538 2356 766 2411 ἐκείνων
803 2357 958 2426 πάθη
998 2367 1116 2419 ταῖς
1160 2352 1220 2410 θ’
1266 2354 1553 2426 ὑμετέραις
1592 2355 1809 2424 ἀρεταῖς

109 2443 202 2498 καὶ
249 2455 367 2508 ταῖς
411 2452 513 2498 τοῦ
558 2451 700 2499 θεοῦ
750 2447 1069 2515 συνεργίαις
1115 2444 1358 2509 αὔξεται·
1436 2444 1582 2513 <4Ο>
1621 2443 1809 2505 στάσις

109 2534 215 2604 γὰρ
262 2532 354 2587 καὶ
402 2535 562 2603 λιμὸς
606 2532 698 2587 καὶ
746 2537 1040 2603 πολιορκία
1085 2533 1177 2587 καὶ
1224 2535 1350 2605 δίχα
1401 2532 1807 2603 μηχανημάτων

107 2624 377 2676 πίπτοντα
415 2626 566 2694 τείχη
605 2626 665 2676 τί
699 2622 768 2676 ἂν
809 2621 925 2676 ἀλλ’
966 2622 1001 2692 ἢ
1040 2628 1181 2677 θεοῦ
1213 2620 1315 2692 μὲν
1355 2627 1438 2692 εἴη
1480 2628 1641 2691 μῆνις
1674 2619 1807 2673 ἐκεί-

107 2730 245 2778 νοις,
293 2713 529 2780 βοήθεια
578 2711 627 2764 δ’
668 2710 926 2782 ἡμετέρα;
982 2711 1128 2782 <41>
1166 2714 1228 2766 τὸ
1275 2715 1470 2765 τοίνυν
1518 2711 1590 2779 μὴ
1631 2711 1808 2778 μόνον

38 2820 84 2853 80
109 2798 475 2854 ἐλαττοῦσθαι
514 2803 802 2871 χειρόνων,
842 2800 981 2855 ἀλλὰ
1019 2799 1112 2854 καὶ
1143 2802 1246 2870 τὴν
1284 2802 1451 2853 θείαν
1491 2801 1807 2868 συμμαχίαν

105 2890 459 2959 προδιδόναι,
498 2891 636 2960 πρὸς
674 2890 831 2959 ἡμῶν
872 2890 974 2943 οὐκ
1013 2889 1083 2943 ἀν
1123 2895 1221 2958 εἴη.
1276 2889 1422 2958 <42>
1460 2897 1576 2951 πῶς
1616 2886 1664 2940 δ’
1706 2886 1808 2940 οὐκ
