2032 3128
695 103 906 145 ΛΟΓΟΣ
939 101 1227 143 ΕΒΔοΜοΣ
1694 96 1794 148 161

122 239 253 302 ζωὸς
306 234 514 290 ἁλῶναι
575 242 670 304 τῆς
722 235 1080 304 παρατάξεως.
1179 231 1382 302 <250>
1437 235 1643 302 βρόχον
1696 231 1802 299 γὰρ

119 325 265 395 αὐτῷ
305 345 386 387 τις
423 327 719 394 πόρρωθεν
759 325 1073 393 περιβαλὼν
1112 324 1337 390 ἔμελλεν
1377 321 1715 384 ἐπισπάσειν,
1754 320 1806 372 εἰ

121 408 194 474 μὴ
242 416 315 476 τῷ
370 413 514 472 ξίφει
563 417 773 464 θᾶττον
820 412 1027 474 ἐκεῖνος
1076 412 1175 463 τὸν
1221 412 1388 462 τόνον
1438 411 1611 472 κόψας
1657 410 1803 477 ἔφθη

122 496 432 563 διαφυγεῖν.
510 492 692 562 <251>
732 502 791 546 οἳ
833 497 894 546 δὲ
921 498 1024 546 καὶ
1066 496 1159 546 διὰ
1197 498 1298 560 τὴν
1338 498 1515 560 μάχην
1555 498 1635 549 ἔτι
1673 500 1806 565 μᾶλ-

78 604 97 636 5
123 586 224 635 λον
278 580 651 651 ἀγριωθέντες
702 583 803 650 τὴν
859 578 959 649 μὲν
1013 582 1199 650 χώραν
1254 579 1616 648 ἐλυμήναντο,
1665 586 1808 634 πολὺ
1890 631 1893 633 ,

123 667 184 722 δὲ
236 673 452 738 πλῆθος
507 670 823 738 ἀνθρώπων
877 667 968 722 καὶ
1023 678 1117 737 τῆς
1166 670 1334 736 ἄλλης
1387 671 1535 730 λείας
1584 669 1810 735 ἄγοντες

123 757 176 821 ἐξ
218 758 426 827 ἀμφοῖν
473 768 583 810 τῶν
629 761 926 823 βασιλειῶν
971 757 1138 810 πάλιν
1189 757 1266 818 εἰς
1303 757 1404 824 τὴν
1444 757 1653 809 οἰκείαν
1692 756 1809 810 ἐκο-

121 849 419 911 μίσθησαν.

234 930 416 1000 <252>
457 929 543 984 ἐπὶ
585 928 646 983 δὲ
683 939 779 1000 τῆς
811 929 1083 994 Ἰουδαίας
1113 932 1340 985 Βάσσου
1379 934 1804 1001 τελευτήσαντος
1840 936 1871 988 8

54 1043 96 1072 10
123 1019 367 1082 Φλάειος
415 1022 622 1082 Σίλεας
669 1019 980 1089 διαδέχεται
1024 1022 1127 1089 τὴν
1172 1020 1505 1089 ἡγεμονίαν·
1566 1020 1658 1074 καὶ
1707 1023 1809 1090 τὴν

119 1104 219 1176 μὲν
259 1108 434 1175 ἄλλην
474 1109 692 1161 ἅπασαν
731 1108 879 1175 ὁρῶν
917 1117 991 1181 τῷ
1030 1108 1250 1182 πολέμῳ
1282 1108 1707 1178 κεχειρωμένην,
1745 1111 1807 1163 ἓν

120 1192 181 1248 δὲ
231 1198 406 1264 μόνον
453 1199 532 1249 ἔτι
584 1198 860 1267 φρούριον
913 1196 1248 1266 ἀφεστηκός,
1303 1196 1662 1267 ἐστράτευσεν
1717 1197 1806 1251 ἐπὶ

117 1292 299 1351 τοῦτο,
338 1292 519 1338 πᾶσαν
558 1286 659 1354 τὴν
700 1284 760 1338 ἐν
794 1295 909 1348 τοῖς
946 1288 1135 1349 τόποις
1175 1287 1414 1355 δύναμιν
1454 1287 1804 1354 συναγαγών.

118 1371 299 1441 <253>
336 1378 579 1427 καλεῖται
627 1372 687 1426 δὲ
734 1375 795 1427 τὸ
845 1372 946 1443 μὲν
993 1375 1266 1444 φρούριον
1305 1374 1577 1441 ιΜασάδα,
1625 1393 1811 1442 προει-

52 1482 94 1514 15
120 1464 303 1529 στήκει
352 1461 411 1515 δὲ
458 1472 569 1515 τῶν
615 1466 1024 1532 κατειληφότων
1074 1463 1206 1516 αὐτὸ
1259 1466 1527 1533 σικαρίων
1575 1465 1811 1526 δυνατὸς

119 1548 259 1618 ἀνὴρ
293 1546 636 1619 Ἐλεάζαρος,
682 1549 957 1618 ἀπόγονος
989 1547 1172 1603 Ἰούδα
1211 1558 1311 1604 τοῦ
1348 1553 1641 1614 πείσαντος
1674 1549 1810 1605 Ἰου-

119 1639 293 1691 δαίων
347 1637 449 1691 οὐκ
503 1638 751 1707 ὀλίγους,
804 1639 878 1701 ὡς
930 1642 1202 1708 πρότερον
1257 1640 1674 1709 δεδηλώκαμεν,
1731 1642 1805 1709 μὴ

117 1732 400 1780 ποιεῖσθαι
446 1728 540 1790 τὰς
594 1727 946 1798 ἀπογραφάς,
1000 1728 1088 1781 ὅτε
1136 1730 1407 1797 Κυρίνιος
1458 1730 1684 1798 τιμητὴς
1731 1731 1809 1791 είς

118 1816 218 1884 τὴν
255 1814 536 1868 Ἰουδαίαν
584 1815 855 1886 ἐπέμφθη.
933 1815 1112 1884 <254>
1158 1819 1283 1870 τότε
1332 1818 1436 1887 γὰρ
1476 1818 1536 1871 015
1569 1818 1810 1887 σικάριοι

10 1928 94 1960 -20
119 1903 463 1973 συνέστησαν
519 1903 605 1958 ἐπὶ
659 1908 787 1968 τοὺς
840 1906 1148 1959 ὑπακούειν
1193 1903 1476 1974 ,Ῥωμαίων
1525 1904 1811 1974 θέλοντας,

117 1991 208 2046 καὶ
261 1993 439 2046 πάντα
494 1997 700 2063 τρόπον
756 1995 829 2057 ὡς
882 1997 1164 2063 πολεμίοις
1216 1993 1658 2064 προσεφέροντο,
1714 2015 1809 2057 τας

119 2102 221 2150 μεν
268 2085 483 2151 κτήσεις
533 2081 862 2151 ἁρπάζοντες
910 2081 1002 2136 καὶ
1051 2083 1531 2151 περιελαύνοντες,
1585 2092 1705 2145 ταῖς
1752 2080 1801 2136 δ’

118 2173 400 2239 οἰκήσεσιν
439 2171 622 2224 αὐτῶν
653 2180 764 2240 πῦρ
798 2169 1054 2233 ἐνιέντες·
1095 2169 1278 2240 (255)
1309 2168 1478 2224 οὐδέν
1510 2171 1615 2240 γὰρ
1648 2170 1810 2225 ἀλλο-

118 2261 313 2329 φύλων
354 2259 555 2321 αὐτοὺς
593 2261 839 2326 ἔφασκον
879 2260 1184 2328 διαφέρειν,
1224 2259 1398 2322 οὕτως
1429 2258 1675 2327 ἀγεννῶς
1705 2261 1807 2328 τὴν

2 2406 6 2410 ,
52 2372 94 2403 25
119 2350 489 2419 περιμάχητον
546 2346 836 2411 Ἰουδαίοις
897 2348 1223 2418 ἐλευθερίαν
1290 2347 1656 2417 προειμένους
1718 2346 1810 2401 καὶ

121 2439 381 2491 δουλείαν
429 2438 710 2506 αἱρεῖσθαι
755 2438 856 2505 τὴν
909 2436 1016 2491 ὑπὸ
1057 2435 1340 2505 Ῥωμαίοις
1384 2436 1808 2506 ἀνωμολογηκό-

119 2546 229 2588 τας.
304 2524 484 2594 <256>
531 2521 601 2594 ἦν
649 2523 699 2578 δ’
746 2526 852 2596 ἄρα
901 2533 1064 2579 τοῦτο
1114 2528 1389 2595 πρόφασις
1434 2528 1512 2588 εἰς
1564 2525 1807 2595 παρακά-

121 2618 306 2683 λυμμα
356 2622 451 2684 τῆς
502 2615 776 2683 ὠμότητος
826 2613 916 2667 καὶ
965 2622 1056 2683 τῆς
1111 2614 1428 2678 πλεονεξίας
1477 2610 1570 2667 ὑπ’
1624 2613 1809 2667 αὐτῶν

121 2690 435 2777 λεγόμενον.
488 2701 660 2773 σαφὲς
700 2701 762 2756 δὲ
802 2704 894 2757 διὰ
932 2713 1044 2757 τῶν
1083 2705 1262 2774 ἔργων
1302 2703 1587 2772 ἐποίησαν·
1628 2702 1810 2772 <257>

0 2781 9 2798 ”
51 2813 94 2860 30
122 2795 178 2845 οἳ
221 2789 322 2860 μὲν
369 2793 473 2862 γὰρ
520 2793 707 2854 αὐτοῖς
757 2799 852 2860 τῆς
902 2791 1251 2855 ἀποστάσεως
1299 2791 1673 2860 ἐκοινώνησαν
1718 2789 1811 2844 καὶ

119 2888 219 2933 τοῦ
258 2883 395 2950 πρὸς
425 2879 728 2950 Ῥωμαίους
767 2883 1081 2951 συνήραντο
1112 2879 1360 2951 πολέμου
1391 2879 1482 2934 καὶ
1513 2878 1641 2951 παρ’
1682 2879 1811 2933 ἐκεί-

212 2975 421 3010 ΙοΒΕΡΗΰε.
460 2977 526 3009 VI.
1489 2972 1539 3009 11
