2032 3128
165 413 189 450 [θ

231 87 335 139 182
647 90 772 131 Tor
802 89 1143 132 ΙοΤΔΑΙΚοΤ
1174 91 1482 133 ΠΟΛΕΜΟΥ

224 223 330 289 ἄρα
376 229 471 290 τῆς
518 231 629 274 τῶν
669 223 936 291 σωμάτων
976 222 1266 285 ἀσθενείας
1303 223 1336 291 ἡ
1377 230 1471 292 τῆς
1507 226 1718 292 τόλμηςΔ
1753 225 1908 294 ἰσχὺς

222 308 514 379 ἐπεκράτει.

333 398 515 467 <420>
552 402 778 460 Λοῦπος
816 402 935 451 τότε
976 397 1164 471 διῴκει
1203 400 1304 468 τὴν
1337 394 1773 470 Ἀλεξάνδρειαν,
1815 399 1906 453 καὶ

219 485 344 555 περὶ
398 495 496 540 τοῦ
550 489 847 555 κινήματος
891 488 1094 541 τούτου
1141 491 1382 558 Καίσαρι
1427 490 1562 541 κατὰ
1607 489 1770 558 τάχος
1816 487 1906 542 ε’π-

220 573 475 627 έστειλεν.
552 574 748 643 <421>
795 574 823 627 ὃ
865 572 926 628 δὲ
971 585 1082 628 τῶν
1120 575 1410 630 Ἰουδαίων
1456 578 1556 645 τὴν
1597 576 1907 630 ἀκατάπαυ-

219 676 352 716 στον
390 663 754 732 ὑφορώμενος
791 668 1240 733 νεωτεροποιίαν,
1279 663 1369 718 καὶ
1403 666 1588 725 δείσας
1627 666 1699 732 μὴ
1738 663 1905 717 πάλιν

218 753 297 813 είς
335 752 396 804 ἓν
436 750 637 821 ἀθρόοι
677 756 985 819 συλλεγῶσι
1023 756 1120 803 καί
1152 771 1307 813 τινας
1345 752 1534 814 αὑτοῖς
1572 752 1906 805 συνεπισπά-

218 854 441 908 σωνται,
480 838 775 905 προσέταξε
815 846 889 911 τῷ
927 840 1135 912 Λούπςο
1175 841 1274 893 τὸν
1307 838 1368 892 ἐν
1399 847 1463 909 τῇ
1489 837 1675 893 Ὀνίου
1707 844 1906 893 καλου-

217 926 355 999 μένῃ
393 929 539 981 νεὼν
577 932 836 981 καθελεῖν
875 937 986 981 τῶν
1018 925 1321 981 Ἰουδαίων.
1372 928 1554 997 <422>
1591 927 1625 996 ἣ
1666 925 1715 981 δ’
1757 927 1906 982 ἐστὶν
1964 972 1965 975 ¹

217 1015 279 1069 ἐν
325 1017 588 1089 Αἰγύπτῳ
635 1014 726 1069 καὶ
773 1017 865 1068 διὰ
911 1017 1172 1084 τοιαύτην
1218 1018 1400 1069 αἰτίαν
1448 1014 1661 1088 ᾠκίσθη
1710 1036 1768 1070 τε
1813 1015 1904 1070 καὶ

215 1105 318 1172 τὴν
366 1104 653 1172 ἐπίκλησιν
701 1106 913 1172 ἔλαβεν.
991 1105 1189 1174 <423>
1228 1103 1411 1168 Ὀνίας
1457 1109 1718 1174 Σίμωνος
1765 1107 1906 1175 υἱός,

216 1186 296 1256 εἷς
334 1202 445 1246 τῶν
482 1192 540 1245 ἐν
571 1191 977 1262 Ἱεροσολύμοις
1007 1191 1326 1263 ἀρχιερέων,
1365 1194 1590 1262 φεύγων
1624 1189 1905 1263 Ἀντίοχον

216 1282 313 1335 τὸν
361 1285 574 1351 Συρίας
619 1280 846 1350 βασιλέα
895 1271 1243 1350 πολεμοῦντα
1290 1290 1406 1344 τοῖς
1437 1275 1728 1345 Ἰουδαίοις
1772 1277 1905 1350 ἧκεν

215 1371 295 1432 εἰς
341 1368 786 1438 Ἀλεξάνδρειαν,
839 1372 930 1422 καὶ
985 1369 1287 1439 δεξαμένου
1342 1372 1695 1439 Πτολεμαίου
1747 1374 1906 1440 φιλο-

215 1461 438 1528 φρόνως
478 1458 647 1511 αὐτὸν
687 1459 780 1511 διά
819 1459 920 1527 τὴν
955 1461 1092 1528 πρὸς
1124 1456 1409 1527 Ἀντίοχον
1441 1457 1761 1529 ἀπέχθειαν,
1800 1461 1903 1529 ἔφη

217 1548 505 1616 σύμμαχον
552 1546 698 1619 αὐτῷ
747 1549 1000 1615 ποιήσειν
1038 1549 1099 1600 τὸ
1139 1556 1250 1600 τῶν
1290 1545 1577 1601 Ἰουδαίων
1616 1549 1806 1616 ἔθνος,
1855 1550 1908 1601 εἰ

216 1639 472 1704 πεισθείη
519 1645 634 1698 τοῖς
671 1633 762 1689 ὑπ’
811 1636 984 1689 αὐτοῦ
1024 1635 1356 1705 λεγομένοις.
1433 1636 1615 1706 <424>
1652 1638 1906 1705 ποιήσειν

218 1722 280 1777 δὲ
326 1724 391 1776 τὰ
439 1725 648 1777 δυνατὰ
694 1733 794 1778 τοῦ
840 1723 1108 1794 βασιλέως
1151 1725 1619 1794 ὁμολογήσαντος,
1672 1724 1906 1793 ἠξίωσεν

218 1811 528 1883 ἐπιτρέπειν
568 1813 714 1885 αὐτῷ
753 1815 898 1867 νεών
929 1812 991 1866 τέ
1016 1831 1125 1868 που
1164 1822 1258 1882 τῆς
1288 1814 1578 1882 Αἰγύπτου
1609 1828 1906 1868 κατασκευ-

219 1902 462 1955 άσασθαι
500 1900 591 1955 καὶ
631 1911 745 1965 τοῖς
783 1905 1032 1973 πατρίοις
1063 1905 1218 1956 ἔθεσι
1249 1903 1584 1970 θεραπεύειν
1615 1904 1713 1956 τὸν
1743 1905 1903 1956 θεόν·

215 1990 397 2059 <425>
437 1990 580 2043 οὕτω
627 1991 733 2061 γὰρ
775 1989 1035 2064 Ἀντιόχῳ
1082 1988 1183 2060 μὲν
1223 1994 1302 2044 ἔτι
1348 1996 1560 2061 μᾶλλον
1600 1990 1906 2060 ἐκπολεμώ-

216 2084 416 2132 σεσθαι
446 2081 575 2141 τοὺς
605 2077 931 2149 Ἰουδαίους,
971 2081 1070 2133 τὸν
1102 2079 1162 2133 ἐν
1194 2078 1600 2150 Ἱεροσολύμοις
1637 2081 1783 2133 νεὼν
1813 2098 1905 2133 πε-

214 2170 539 2237 πορθηκότι,
577 2169 714 2238 πρὸς
744 2168 915 2222 αὐτὸν
948 2164 998 2221 δ’
1034 2168 1440 2238 εὐνοϊκωτέρως
1479 2168 1621 2234 ἕξειν
1652 2166 1743 2221 καὶ
1773 2172 1906 2222 πολ-

215 2259 347 2320 λοὺς
385 2253 466 2310 ἐπ’
507 2255 664 2328 ἀδείᾳ
701 2265 796 2326 τῆς
831 2257 1111 2326 εὐσεβείας
1143 2258 1216 2321 ὡς
1247 2257 1418 2311 αὐτὸν
1449 2259 1904 2327 συλλεγήσεσθαι.

216 2347 398 2416 <426>
438 2344 690 2408 πεισθεὶς
735 2350 1080 2415 Πτολεμαῖος
1131 2356 1247 2410 τοῖς
1300 2344 1618 2416 λεγομένοις
1672 2347 1904 2399 δίδωσιν

215 2435 362 2506 αὐτῷ
401 2435 587 2506 χώραν
627 2432 822 2488 ἑκατὸν
855 2433 943 2488 ἐπὶ
974 2445 1088 2498 τοῖς
1120 2435 1463 2504 ὀγδοήκοντα
1494 2436 1752 2497 σταδίους
1783 2433 1904 2488 ἀπέ-

214 2538 424 2594 χουσαν
463 2522 756 2594 Μέμφεως.
812 2527 983 2593 νομὸς
1021 2523 1072 2578 δ’
1109 2521 1270 2588 οὗτος
1301 2522 1688 2592 Ἡλιοπολίτης
1725 2528 1907 2577 καλεῖ-

213 2632 326 2678 ται,
388 2613 584 2682 <427>
637 2615 777 2667 ἔνθα
822 2616 1097 2685 φρούριον
1143 2614 1687 2682 κατασκευασάμενος
1725 2611 1906 2677 Ὀνίας

213 2702 311 2754 τὸν
359 2698 461 2770 μὲν
506 2703 645 2756 ναὸν
693 2702 793 2773 οὐχ
841 2703 1037 2772 ὅμοιον
1084 2698 1401 2774 ᾠκοδόμησε
1449 2711 1523 2775 τῷ
1574 2701 1634 2756 ἐν
1673 2700 1904 2773 Ἱεροσο-

215 2789 435 2858 λύμοις,
476 2789 614 2844 ἀλλὰ
651 2792 845 2864 πύργῳ
881 2794 1284 2862 παραπλήσιον,
1322 2794 1502 2844 λίθων
1533 2791 1786 2860 μεγάλων
1827 2793 1904 2854 εἰς

208 2875 476 2944 ,ἑξήκοντα
514 2882 705 2950 πήχεις
744 2879 1099 2950 ἀνεστηκότα,
1140 2880 1323 2950 <428>
1354 2888 1454 2934 τοῦ
1485 2883 1676 2949 βωμοῦ
1709 2876 1770 2933 δὲ
1801 2881 1903 2949 τὴν

1929 1041 1972 1072 10

1930 1481 1973 1514 15

1930 1927 1973 1958 20

1928 2370 1971 2402 25

1927 2813 1970 2846 30
