2032 3128
172 110 280 162 216
782 112 942 153 ΚΑΤΑ
972 110 1252 153 ΑΠΙΩΝΟΣ

172 250 488 314 μεμνῆσθαι
520 252 594 316 τῷ
630 243 721 298 καὶ
761 245 826 320 τὰ
858 248 1090 314 Σόλυμα
1123 247 1223 314 ὄρη
1257 244 1316 298 έν
1348 254 1410 316 τῇ
1450 244 1683 317 ἡμετέρᾳ
1715 243 1852 300 εἶναι

167 335 346 405 χώρα,
393 332 426 386 ἃ
473 341 853 402 κατοικοῦμεν,
898 331 989 385 καὶ
1030 334 1130 401 τὴν
1163 329 1514 402 Ἀσφαλτῖτιν
1554 333 1851 403 λεγομένην

167 426 396 490 λίμνην·
452 422 587 490 αὕτη
643 422 747 489 γὰρ
801 431 993 474 πασῶν
1039 431 1150 474 τῶν
1200 421 1260 475 ἐν
1305 429 1369 491 τῇ
1410 425 1593 493 Συρίᾳ
1640 421 1851 492 [λίμνη]

165 509 471 579 πλατυτέρα
510 508 603 562 καὶ
642 512 838 578 μείζων
877 508 1232 577 καθέστηκεν.

278 599 460 668 <175>
500 596 591 651 καὶ
625 601 885 666 Χοιρίλος
922 595 1025 666 μὲν
1056 598 1199 651 οὕτω
1240 597 1507 666 μέμνηται
1549 599 1728 667 ἡμῶν·
1769 599 1849 652 ὅτι
1895 622 1917 654 5

166 685 220 740 δ’
265 688 333 740 οὐ
395 690 571 755 μόνον
623 687 923 749 ἠπίσταντο
978 688 1110 749 τοὺς
1163 685 1496 754 Ἰουδαίους,
1560 686 1699 740 ἄλλα
1758 686 1850 741 καὶ

164 775 480 844 ἐθαύμαζον
519 775 671 837 ὅσοις
709 775 894 827 αὐτῶν
934 774 1231 844 ἐντύχοιεν,
1279 775 1379 845 οὐχ
1420 776 1479 828 οἱ
1515 779 1850 844 φαυλότατοι

161 873 273 917 τῶν
305 862 583 932 Ἑλλήνων
619 857 740 916 ἀλλ’
770 865 828 916 οὗ
864 861 1161 935 ἐπὶσοφία
1200 864 1435 932 μάλιστα
1473 864 1851 933 τεθαυμασμέ-

160 972 276 1020 νοι,
316 951 515 1024 ῥᾴδιον
554 961 781 1020 γνῶναι.
858 952 1040 1022 <176>
1078 950 1362 1022 Κλέαρχος
1401 953 1505 1020 γὰρ
1547 952 1576 1006 ὁ
1608 951 1850 1022 Ἀριστο-

159 1039 353 1104 τέλους
399 1042 478 1094 ὢν
521 1041 773 1109 μαθητὴς
817 1039 907 1093 καὶ
947 1050 1058 1094 τῶν
1099 1041 1158 1094 ἐκ
1195 1048 1295 1094 τοῦ
1335 1042 1654 1117 Περιπάτου
1694 1047 1850 1111 φιλο·
1875 1065 1919 1097 ιο

159 1131 350 1199 σόφων
399 1130 629 1191 οὐδενὸς
677 1130 957 1198 δεύτερος,
1005 1128 1065 1182 ἐν
1110 1137 1184 1200 τῷ
1240 1131 1436 1202 πρώτῳ
1490 1128 1614 1200 περὶ
1668 1130 1850 1184 ὕπνου

158 1221 356 1291 βιβλίῳ
396 1217 568 1287 φησὶν
600 1216 982 1288 Ἀριστοτέλην
1013 1219 1111 1271 τὸν
1144 1218 1482 1271 διδάσκαλον
1514 1218 1686 1272 αὐτοῦ
1725 1222 1857 1288 περί

156 1326 308 1369 τινος
355 1305 557 1374 ἀνδρὸς
600 1305 878 1360 Ἰουδαίου
924 1314 1094 1360 ταῦτα
1143 1307 1402 1377 ἱστορεῖν,
1454 1307 1600 1379 αὐτῷ
1648 1327 1706 1360 τε
1753 1309 1850 1361 τὸν

155 1397 326 1462 λόγον
367 1393 729 1462 Ἀριστοτέλει
775 1399 1106 1466 περιτίθησι.
1185 1397 1298 1449 ἔστι
1342 1394 1388 1448 δ’
1423 1396 1566 1449 οὕτω
1614 1416 1849 1466 γεγραμ-

155 1481 340 1551 μένον.
425 1485 608 1554 <177>
666 1483 833 1538 (ἀλλὰ
886 1485 952 1537 τὰ
1007 1481 1109 1553 μὲν
1154 1485 1332 1538 πολλὰ
1387 1487 1601 1554 μακρὸν
1647 1485 1717 1539 ἂν
1765 1470 1931 1555 εῖηιε

153 1570 361 1641 λέγειν,
416 1573 520 1626 ὅσα
575 1573 622 1626 δ’
663 1575 774 1642 ἔχει
819 1583 932 1626 τῶν
979 1574 1194 1626 ἐκείνου
1248 1575 1668 1643 θαυμασιότητά
1721 1594 1846 1628 τινα

151 1660 243 1714 καὶ
290 1666 652 1732 φιλοσοφίαν,
703 1663 907 1731 ὁμοίως
954 1664 1202 1716 διελθεῖν
1242 1663 1310 1716 οὐ
1355 1673 1558 1733 χεῖρον.
1631 1663 1845 1734 (σαφῶς

152 1749 200 1802 δ’
234 1750 383 1832 ζσθι’
424 1747 576 1804 εἶπεν
617 1749 999 1821 μΥπεροχίδη,
1039 1751 1277 1822 ὀνείροις
1317 1757 1407 1804 ἴσα
1448 1766 1537 1805 σοι
1576 1752 1717 1816 δόξω
1758 1752 1844 1806 λέ-

151 1839 305 1906 γειν.’
375 1838 466 1893 καὶ
506 1841 534 1894 ὁ
572 1839 931 1911 “Υπεροχίδης
969 1840 1378 1909 εὐλαβούμενος
1418 1836 1512 1893 (δι’
1542 1841 1676 1895 αὐτὸ
1716 1841 1841 1911 γάρ’

151 1930 254 1998 ἔφη
324 1929 512 1983 ετοῦτο
574 1929 666 1983 καὶ
730 1933 994 1999 ζητοῦμεν
1049 1929 1282 1983 ἀκοῦσαι
1341 1930 1574 1993 πάντες.’
1662 1930 1843 2000 <178>
1868 1951 1912 1983 20

150 2017 403 2071 ‘oz'mofiv'
452 2014 605 2070 εἶπεν
653 2018 682 2071 ὁ
727 2013 1104 2088 Ἀριστοτέλης
1151 2019 1313 2071 εκατὰ
1358 2020 1420 2072 τὸ
1467 2028 1577 2072 τῶν
1625 2019 1842 2090 ῥητορι-

147 2114 262 2158 κῶν
301 2107 687 2175 παράγγελμα,
733 2108 795 2160 τὸ
835 2106 997 2175 γένος
1035 2107 1208 2160 αὐτοῦ
1247 2115 1469 2178 πρῶτον
1509 2106 1841 2177 διέλθωμεν,

148 2195 240 2247 ἵνα
279 2196 352 2263 μὴ
394 2194 711 2263 ἀπειθῶμεν
750 2204 867 2258 τοῖς
912 2205 1025 2249 τῶν
1064 2196 1414 2265 ἀπαγγελιῶν
1451 2197 1842 2260 διδασκάλοιςὲ

148 2282 320 2351 “λέγε’
367 2280 519 2337 εἶπεν
566 2284 596 2337 ὁ
643 2280 1003 2354 (Τπεροχίδης
1049 2285 1107 2351 εὅ
1157 2306 1209 2338 τι
1257 2299 1346 2339 σοι
1395 2285 1580 2339 δοκεῖ’
1658 2286 1840 2354 <179>

147 2371 428 2436 (κάκεῖνος
471 2376 666 2426 τοίνυν
715 2375 776 2426 τὸ
832 2371 933 2441 μὲν
981 2372 1142 2441 γένος
1194 2370 1264 2443 ἦν
1311 2372 1604 2438 Ἰουδαῖος
1637 2375 1696 2428 ἐκ
1746 2383 1841 2443 τῆς
1865 2394 1909 2427 25

146 2463 355 2529 Κοίλης
387 2464 616 2530 Συρίας,
659 2458 813 2515 οὗτοι
846 2459 896 2514 δ’
920 2461 1064 2515 εἰσὶν
1097 2462 1367 2531 ἀπόγονοι
1405 2473 1518 2517 τῶν
1550 2463 1609 2517 ἐν
1640 2461 1841 2527 Ἰνδοῖς

145 2553 489 2619 φιλοσόφων.
567 2554 867 2604 καλοῦνται
916 2549 1001 2620 δέ,
1058 2552 1130 2614 ὥς
1179 2566 1372 2621 φασιν,
1427 2553 1487 2606 οἱ
1535 2556 1840 2623 φιλόσοφοι

141 2638 289 2706 παρὰ
328 2635 429 2707 μὲν
462 2635 662 2702 Ἰνδοῖς
699 2641 978 2708 Καλανοί,
1026 2641 1174 2711 παρὰ
1215 2638 1276 2694 δὲ
1311 2641 1524 2711 Σύροις
1558 2639 1840 2711 Ἰουδαῖοι,

140 2726 388 2795 τοῦνομα
419 2730 683 2796 λαβόντες
714 2728 820 2781 ἀπὸ
853 2737 953 2782 τοῦ
984 2731 1182 2782 τόπου·
1222 2731 1694 2799 προσαγορεύεται
1733 2732 1837 2801 γὰρ

141 2813 208 2867 ὃν
239 2824 558 2869 κατοικοῦσι
590 2819 762 2870 τόπον
783 2815 1043 2870 Ἰουδαία.
1098 2819 1159 2871 τὸ
1195 2815 1254 2871 δὲ
1287 2826 1381 2887 τῆς
1411 2821 1622 2882 πόλεως
1654 2819 1837 2872 αὐτῶν
1862 2837 1907 2868 30

141 2904 317 2972 ὄνομα
370 2904 518 2957 πάνυ
575 2907 801 2958 σκολιόν
857 2905 1032 2959 ἐστιν·
1087 2905 1448 2978 Ἰερουσαλὴμ
1503 2908 1607 2978 γὰρ
1664 2907 1838 2977 αὐτὴν
