2032 3128
587 660 954 759 fflAAfflor
997 703 1391 757 ΙΩΣΗΠΟΥ

309 826 522 886 ΠΕΡΙ
564 825 1186 887 ΑΡΧΑΙΟΤΗΤΟΣ
1232 826 1656 889 ΙΟΥΔΑΙΩΝ

745 970 905 1011 ΚΑΤΑ
939 970 1218 1012 ΑΠΙΩΝΟΣ

641 1087 885 1140 ΛΟΓΟΣ
922 1088 1326 1144 ΠΡΟΤΕΡΟΣ.

248 1295 357 1365 <1>
387 1292 610 1358 Ἱκανῶς
649 1292 751 1364 μὲν
789 1296 1162 1365 ὑπολαμβάνω
1194 1294 1286 1349 καὶ
1319 1297 1410 1349 διὰ
1441 1303 1536 1365 τῆς
1565 1293 1692 1366 περὶ
1722 1296 1826 1364 τὴν

134 1383 531 1455 ἀρχαιολογίαν
577 1391 923 1454 συγγραφῆς,
976 1386 1226 1455 κράτιστε
1280 1384 1504 1456 ἀνδρῶν
1551 1383 1824 1454 Ἐπαφρό-

138 1475 272 1541 διτε,
302 1483 416 1536 τοῖς
448 1472 857 1542 ἐντευξομένοις
880 1472 1016 1543 αὐτῇ
1042 1473 1397 1542 πεποιηκέναι
1421 1475 1668 1543 φανερὸν
1699 1471 1824 1543 περὶ

136 1570 236 1615 τοῦ
283 1560 480 1629 γένους
525 1561 680 1630 ἡμῶν
718 1571 829 1615 τῶν
871 1559 1158 1614 Ἰουδαίων
1199 1562 1283 1614 ὅτι
1321 1560 1411 1615 καὶ
1457 1564 1824 1615 παλαιότατόν

85 1675 113 1707 5
139 1652 251 1704 ἐστι
290 1648 380 1703 καὶ
423 1650 525 1719 τὴν
563 1652 786 1718 πρώτην
824 1650 1131 1704 ὑπόστασιν
1170 1653 1329 1720 ἔσχεν
1369 1652 1538 1720 ἰδίαν,
1580 1649 1671 1704 καὶ
1710 1660 1824 1713 πῶς

136 1741 237 1809 τὴν
291 1741 475 1809 χώραν
529 1738 599 1806 ἣν
652 1747 759 1791 νῦν
810 1740 1006 1807 ἔχομεν
1059 1737 1388 1811 κατῴκισεν·
1452 1739 1572 1810 (ἣν)
1628 1757 1824 1792 πεντα-

136 1830 422 1897 κισχιλίων
462 1826 598 1880 ἐτῶν
638 1826 882 1897 ἀριθμὸν
924 1828 1171 1897 ἱστορίαν
1214 1826 1578 1896 περιέχουσαν
1617 1827 1676 1880 ἐκ
1713 1836 1825 1880 τῶν

135 1914 262 1986 παρ’
313 1916 446 1986 ἡμῖν
501 1916 665 1984 ἱερῶν
718 1919 930 1984 βίβλων
986 1902 1078 1968 δῖὰ
1128 1923 1223 1985 τῆς
1266 1914 1585 1985 Ἑλληνικῆς
1633 1923 1826 1984 φωνῆς

138 2006 585 2076 συνεγραψάμην.
662 2005 786 2073 <2>
836 2003 951 2057 ἐπεὶ
999 2002 1060 2057 δὲ
1112 2007 1350 2074 συχνοὺς
1397 2005 1506 2074 ὁρῶ
1554 2013 1672 2067 ταῖς
1715 2003 1824 2058 ὑπὸ

71 2119 113 2150 ιο
138 2096 464 2163 δυσμενείας
509 2094 618 2147 ὑπό
664 2114 834 2147 τινων
881 2093 1196 2163 εἰρημέναις
1239 2091 1610 2164 προσέχοντας
1659 2096 1826 2162 βλασ-

137 2186 393 2253 φημίαις,
447 2181 538 2235 καὶ
593 2193 707 2246 τοῖς
759 2181 884 2252 περὶ
938 2184 1040 2252 τὴν
1095 2182 1488 2253 ἀρχαιολογίαν
1541 2181 1629 2234 ὑπ’
1689 2181 1825 2250 ἐμοῦ

136 2271 535 2341 γεγραμμένοις
581 2271 970 2338 ἀπιστοῦντας,
1021 2273 1315 2340 τεκμήριόν
1362 2291 1418 2325 τε
1457 2269 1826 2340 ποιουμένους

137 2367 237 2414 τοῦ
275 2361 547 2431 νεώτερον
587 2356 730 2413 εἶναι
775 2362 836 2413 τὸ
880 2360 1040 2428 γένος
1077 2361 1234 2429 ἡμῶν
1272 2362 1335 2414 τὸ
1375 2361 1642 2429 μηδεμιᾶς
1679 2361 1826 2429 παρὰ

137 2458 253 2512 τοῖς
292 2448 580 2517 ἐπιφανέσι
618 2459 729 2502 τῶν
760 2447 1099 2518 Ἑλληνικῶν
1137 2449 1579 2520 ἱστοριογράφων
1612 2451 1828 2518 μνήμης

70 2561 114 2593 15
137 2537 434 2607 ἠξιῶσθαι,
474 2538 583 2607 <3>
614 2537 740 2607 περὶ
778 2539 992 2592 τούτων
1024 2538 1282 2591 ἁπάντων
1316 2537 1511 2611 ᾠήθην
1544 2539 1663 2591 δεῖν
1695 2538 1827 2607 γρά-

138 2636 238 2691 ψαι
271 2630 584 2696 συντόμως,
625 2625 764 2698 (καὶ)
797 2637 907 2680 τῶν
939 2624 1040 2696 μὲν
1065 2629 1478 2697 λοιδορούντων
1502 2628 1604 2695 τὴν
1628 2623 1827 2695 δυσμέ-

138 2735 293 2770 νειαν
331 2714 422 2769 καὶ
464 2717 566 2785 τὴν
615 2714 871 2769 ἑκούσιον
911 2713 1123 2784 ἐλέγξαι
1161 2717 1566 2783 ψευδολογίαν,
1612 2724 1724 2768 τῶν
1766 2711 1828 2767 δὲ

138 2806 239 2873 τὴν
278 2805 512 2872 ἄγνοιαν
552 2803 1075 2873 ἐπανορθώσασθαι,
1116 2803 1333 2868 διδάξαι
1375 2800 1436 2857 δὲ
1466 2804 1674 2866 πάντας
1705 2803 1828 2856 ὅσοι

138 2891 374 2962 τάληθὲς
420 2892 626 2946 εἰδέναι
672 2894 972 2962 βούλονται
1003 2883 1142 2962 ’περὶ
1187 2900 1283 2961 τῆς
1331 2890 1593 2962 ἡμετέρας
1640 2891 1829 2962 ἀρχαι-
