2032 3128
600 123 838 164 cON‘rRA
869 122 1138 165 APIONEM
1168 126 1280 166 ΠΒ.
1306 126 1364 166 11.
1713 121 1818 174 251

145 273 269 307 nere
314 255 481 325 regali
528 255 789 325 spolians,
836 255 970 308 alios
1017 259 1195 308 autem
1233 257 1446 310 demens
1486 260 1540 310 et
1579 257 1645 309 ad
1682 256 1822 309 mala

144 343 373 413 gerenda
414 343 747 411 compellens,
827 343 970 412 <59>
1019 344 1110 396 sed
1156 344 1284 413 quid
1331 348 1544 413 oportet
1592 345 1819 414 amplius

141 431 259 501 dici,
298 450 462 500 quum
492 431 645 483 illum
675 432 853 500 ipsum
884 432 942 484 in
970 433 1149 485 navali
1180 433 1468 486 certamine
1498 433 1822 503 relinquens,

140 519 194 571 id
225 522 306 572 est
343 520 599 572 maritum
631 522 683 572 et
714 523 990 588 parentem
1024 521 1387 573 communium
1418 521 1654 575 filiorum
1664 565 1679 592 ‚
1716 524 1820 574 tra-

95 629 117 661 5
141 607 262 659 dere
301 626 422 659 eum
453 608 744 660 exercitum
776 611 829 660 et
860 608 1222 677 principatum
1253 612 1306 662 et
1339 627 1394 662 se
1426 610 1576 678 sequi
1608 609 1819 679 coegit?

139 696 284 765 (60)
330 696 620 749 novissime
657 714 782 748 vero
823 695 1147 750 Alexandria
1193 716 1224 749 a
1262 695 1487 750 Caesare
1532 700 1709 768 capta,
1755 697 1821 750 ad

137 784 238 837 hoc
284 802 452 853 usque
501 783 755 852 perducta
809 787 890 836 est
936 787 997 836 ut
1052 784 1281 837 salutem
1332 785 1459 837 hinc
1506 803 1716 854 sperare
1764 803 1820 838 se

130 873 418 944 judicaret,
465 872 510 924 si
555 875 740 940 posset
779 872 896 940 ipsa
934 891 1097 925 manu
1137 891 1232 925 sua
1270 873 1504 926 Judaeos
1546 873 1820 943 perimere,

134 979 196 1013 eo
252 961 395 1029 quod
448 960 586 1013 circa
641 978 823 1013 omnes
886 961 1113 1013 crudelis
1169 965 1223 1014 et
1284 961 1514 1014 infidelis
1570 964 1818 1013 exstaret.

69 1071 110 1102 10
133 1052 359 1117 putasne
391 1048 730 1119 gloriandum
768 1049 925 1101 nobis
964 1067 1076 1101 non
1106 1067 1236 1121 esse,
1275 1050 1336 1120 si,
1376 1049 1819 1118 quemadmodum

134 1137 262 1190 dicit
301 1136 505 1208 Apion,
549 1137 708 1189 famis
747 1140 988 1206 tempore
1027 1137 1246 1190 Judaeis
1293 1137 1536 1190 triticum
1581 1155 1691 1190 non
1737 1142 1819 1190 est

132 1227 349 1278 mensa?
435 1226 578 1294 <61>
634 1226 724 1277 sed
777 1225 871 1277 illa
917 1225 1131 1294 quidem
1183 1244 1411 1294 poenam
1466 1225 1633 1278 subiit
1681 1243 1819 1278 com-

132 1318 426 1385 petentem,
475 1333 574 1367 nos
631 1317 810 1366 autem
862 1314 1095 1367 maximo
1144 1312 1369 1367 Caesare
1422 1314 1627 1367 utimur
1680 1318 1819 1367 teste

131 1403 319 1455 auxilii
365 1406 527 1472 atque
573 1403 696 1455 fidei
744 1421 903 1471 quam
950 1403 1088 1455 circa
1131 1421 1253 1455 eum
1292 1405 1479 1456 contra
1517 1402 1818 1472 Aegyptios

17 1550 19 1552 ,
66 1510 108 1544 15
131 1491 413 1561 gessimuS,
449 1509 547 1543 nec
584 1508 696 1543 non
734 1493 787 1543 et
826 1494 1016 1543 senatu
1048 1491 1267 1559 ejusque
1306 1491 1584 1562 consultiS,
1620 1494 1675 1543 et
1714 1492 1819 1560 epi-

132 1579 290 1631 stulis
324 1577 569 1632 Caesaris
600 1578 862 1649 Augusti,
902 1579 1097 1648 quibus
1136 1582 1324 1632 nostra
1357 1580 1549 1632 merita
1581 1597 1819 1648 compro-

131 1667 345 1719 bantur.
405 1669 550 1737 (62)
581 1667 678 1720 has
710 1668 896 1720 literas
927 1667 1194 1736 Apionem
1226 1669 1512 1736 oportebat
1542 1667 1820 1739 inspicere,

129 1758 182 1807 et
222 1755 512 1808 secundum
553 1773 747 1825 genera
778 1756 1079 1807 examinare
1110 1755 1420 1808 testimonia
1456 1756 1556 1808 sub
1589 1756 1817 1809 Alexan-

128 1843 223 1896 dro
269 1844 412 1897 facta
465 1846 519 1896 et
566 1844 814 1897 omnibus
861 1842 1207 1914 PtolemaeiS,
1262 1846 1315 1895 et
1363 1862 1496 1913 quae
1543 1863 1574 1896 a
1628 1849 1818 1898 senatu

6 1929 11 1932 ’
61 1953 104 1985 20
128 1933 424 1985 constituta
472 1936 623 2002 sunt,
667 1951 765 1985 nec
810 1951 921 1985 non
959 1935 1012 1984 et
1059 1951 1090 1984 a
1135 1932 1384 1985 maximis
1424 1931 1683 1985 Romanis
1723 1935 1817 1986 im-

127 2021 482 2089 peratoribus,
531 2021 674 2088 (63)
704 2021 751 2073 si
778 2039 903 2073 vero
931 2019 1276 2073 Germanicus
1308 2021 1579 2073 frumenta
1609 2024 1816 2075 cunctis

128 2109 186 2160 in
222 2107 548 2162 Alexandria
586 2109 1043 2162 commorantibus
1086 2109 1267 2162 metiri
1311 2127 1423 2161 non
1467 2111 1671 2182 potuit,
1714 2111 1818 2164 hoc

127 2196 383 2250 indicium
430 2201 511 2250 est
561 2197 864 2250 sterilitatis
913 2216 973 2250 ac
1017 2198 1355 2250 necessitatis
1410 2198 1818 2271 frumentorum,

126 2304 238 2339 non
284 2286 553 2339 accusatio
593 2286 933 2339 Judaeorum.
1012 2286 1140 2355 quid
1186 2287 1329 2339 enim
1376 2287 1589 2355 sapiant
1633 2306 1815 2341 omnes

61 2395 102 2427 25
127 2375 476 2444 imperatores
517 2375 580 2427 de
619 2375 838 2428 Judaeis
886 2375 945 2427 in
980 2373 1306 2428 Alexandria
1343 2377 1818 2447 commorantibuS,

126 2462 304 2532 palam
336 2466 441 2515 est:
481 2463 628 2532 (64)
658 2482 785 2515 nam
817 2462 1212 2515 administratio
1243 2463 1413 2515 tritici
1442 2463 1614 2516 nihilo
1642 2465 1815 2535 magis

128 2552 195 2604 ab
229 2551 306 2604 eis
339 2570 500 2620 quam
539 2551 605 2604 ab
647 2551 766 2603 aliis
798 2550 1175 2603 Alexandrinis
1208 2551 1471 2604 translata
1502 2555 1598 2604 est.
1652 2554 1816 2605 maxi-

125 2659 269 2692 mam
306 2658 431 2693 vero
472 2640 548 2693 eis
596 2640 754 2692 fidem
795 2640 924 2692 olim
971 2659 1002 2692 a
1046 2639 1266 2709 regibus
1314 2640 1494 2692 datam
1541 2658 1816 2694 conserva-

126 2732 341 2799 verunt,
384 2729 439 2781 id
477 2732 560 2782 est
600 2728 837 2781 fluminis
877 2728 1174 2781 custodiam
1212 2728 1488 2797 totiusque
1527 2729 1817 2801 custodiae,

61 2835 104 2869 30
127 2836 467 2886 nequaquam
504 2818 590 2870 his
630 2817 790 2870 rebus
829 2817 1078 2887 indignos
1119 2835 1234 2870 esse
1266 2816 1579 2886 judicantes.

238 2905 384 2974 (65)
416 2907 508 2959 sed
539 2924 700 2976 super
730 2905 833 2959 hoc
862 2905 1148 2974 ‘quomodo
1182 2905 1330 2976 ergo'
1362 2905 1558 2978 inquit,
1589 2906 1657 2959 ‘si
1689 2911 1815 2961 sunt
1848 2922 1875 2963 6
