2032 3128
707 97 809 138 ΕΙΣ
840 96 1277 138 ΜΑΚΚΑΒΑῙΟΤΣ
1722 91 1832 145 295

152 229 445 297 ἐπιγνῶναι
488 236 676 296 τοῦτο,
715 229 798 282 ὅτι
835 238 947 282 τῶν
985 234 1184 282 παθῶν
1224 227 1372 281 ἐστιν
1403 227 1762 298 αὐτοκράτωρ
1801 227 1832 281 6

152 319 427 386 λογισμός.
518 317 677 385 <25>
732 317 761 370 6
815 318 919 386 γὰρ
972 319 1143 385 νόμος
1194 315 1286 370 καὶ
1331 324 1427 384 τῆς
1471 318 1606 384 πρὸς
1651 326 1833 383 γονεῖς

150 404 371 467 εὐνοίας
408 414 618 472 κρατεῖ,
664 405 736 474 μὴ
776 406 1216 474 καταπροδιδοὺς
1251 405 1354 472 τὴν
1393 403 1592 473 ἀρετὴν
1631 402 1704 457 δι’
1734 404 1830 457 αὐ-

149 492 301 559 τούς,
363 490 454 544 καὶ
507 500 600 560 τῆς
651 494 787 561 πρὸς
841 494 1082 561 γαμετὴν
1135 495 1322 561 φιλίας
1374 491 1673 562 ἐπικρατεῖ,
1736 493 1829 546 διὰ

103 606 125 638 5
149 584 498 648 παρανομίαν
533 581 724 648 ,αὐτὴν
779 579 1119 651 ἀπελέγχων,
1172 578 1263 633 καὶ
1318 588 1413 648 τῆς
1461 590 1572 633 τῶν
1624 580 1830 634 τέκνων

147 671 335 737 φιλίας
386 670 652 738 κυριεύει,
708 670 799 722 διὰ
845 672 1039 722 κακίαν
1086 668 1222 722 αὐτὰ
1272 669 1544 737 κολάζων,
1596 667 1686 721 καὶ
1734 678 1831 738 τῆς

146 759 327 825 φίλων
367 760 666 824 συνηθείας
713 759 985 826 δεσπόζει,
1033 757 1124 809 διὰ
1169 759 1442 826 πονηρίαν
1471 756 1683 820 ,αὐτοὺς
1720 757 1830 821 ἐξε-

146 844 372 914 λέγχων.
436 846 579 913 <26>
619 844 710 898 καὶ
745 847 816 914 μὴ
848 849 1108 915 νομίσητε
1142 844 1457 912 παράδοξον
1488 841 1650 913 εἶναι,
1689 845 1828 898 ὅπου

145 953 206 1001 γε
245 932 337 986 καὶ
376 936 578 1003 ἔχθρας
610 932 919 1003 ἐπικρατεῖν
959 934 988 987 6
1029 935 1290 1002 λογισμὸς
1328 934 1559 986 δύναται
1600 934 1692 986 διὰ
1729 935 1829 985 τὸν

79 1024 343 1091 ω’νόμον,
407 1023 538 1090 μήτε
594 1023 981 1091 δενδροτομῶν
1034 1023 1099 1074 τὰ
1152 1022 1327 1090 ἥμερα
1387 1030 1499 1075 τῶν
1550 1025 1829 1091 πολεμίων

143 1110 317 1179 φυτά,
371 1112 436 1163 τά
491 1130 547 1163 τε
601 1120 711 1163 τῶν
766 1109 986 1180 ἐχθρῶν
1039 1119 1154 1173 τοῖς
1200 1108 1497 1163 ἀπολέσασι
1546 1111 1828 1174 διασώζων

142 1197 232 1251 καὶ
280 1199 344 1250 τὰ
390 1201 707 1251 πεπτωκότα
762 1201 1112 1267 συνεγείρων.
1194 1196 1285 1251 καὶ
1339 1208 1449 1251 τῶν
1502 1197 1828 1268 βιαιοτέρων

143 1284 203 1339 δὲ
249 1292 448 1340 παθῶν
490 1286 800 1355 ἐπικρατεῖν
838 1287 868 1340 6
909 1289 1171 1355 λογισμὸς
1212 1289 1493 1355 φαίνεται,
1538 1290 1830 1357 φιλαρχίας

140 1374 231 1428 καὶ
285 1374 602 1438 κενοδοξίας
658 1373 746 1427 καὶ
803 1374 1118 1439 ἀλαζονείας
1171 1374 1260 1427 καὶ
1317 1377 1683 1445 μεγαλαυχίας
1735 1374 1827 1428 καὶ

73 1488 117 1520 15
140 1466 461 1532 βασκανίας·
517 1464 662 1531 <27>
701 1463 879 1516 πάντα
918 1463 1021 1531 γὰρ
1062 1471 1231 1516 ταῦτα
1271 1463 1336 1515 τὰ
1374 1466 1624 1532 κακοήθη
1671 1463 1824 1533 πάθη

140 1553 169 1606 6
211 1553 449 1622 σώφρων
486 1559 621 1614 νοῦς
659 1553 736 1613 εἰς
775 1550 992 1618 ἀγαθὸν
1030 1549 1354 1620 προτρέπων
1392 1550 1697 1605 ἀπωθεῖται
1734 1551 1826 1605 καὶ

138 1641 405 1709 βιάζεται,
454 1640 634 1708 ὥσπερ
682 1637 772 1691 καὶ
810 1641 909 1692 τὸν
946 1642 1156 1707 θυμόν·
1211 1638 1301 1691 καὶ
1347 1640 1450 1707 γὰρ
1494 1638 1586 1692 καὶ
1625 1641 1825 1694 τούτου

138 1730 403 1792 δεσπόζει.
494 1728 654 1796 <28>
708 1728 1063 1796 θυμούμενος
1122 1726 1189 1794 γέ
1245 1748 1331 1781 τοι
1384 1731 1631 1797 Μωυσῆς
1690 1730 1825 1782 κατὰ

137 1818 342 1870 Δαθὰν
382 1814 472 1870 καὶ
505 1815 737 1885 Ἀβιράμ
778 1815 844 1868 οὐ
883 1820 1046 1886 θυμςό
1089 1835 1140 1868 τι
1180 1814 1297 1868 κατ’
1331 1815 1514 1869 αὐτῶν
1550 1815 1824 1886 ἐποίησεν,

69 1930 113 1961 20
137 1905 276 1958 ἀλλὰ
331 1909 573 1974 λογισμῷ
629 1906 727 1958 τὸν
780 1906 967 1973 θυμὸν
1023 1902 1260 1973 διῄτησε.
1345 1905 1580 1968 δυνατὸς
1632 1907 1736 1975 γὰρ
1793 1906 1822 1960 6

137 1995 376 2063 σώφρων
416 2002 574 2060 νοῦς,
613 1994 686 2055 ὡς
725 1995 884 2062 ἔφην,
930 1994 1064 2045 κατὰ
1102 2002 1213 2046 τῶν
1251 1998 1451 2045 παθῶν
1487 1992 1822 2062 ἀριστεῦσαι,

134 2081 226 2135 καὶ
278 2084 343 2134 τὰ
398 2079 499 2150 μὲν
554 2081 737 2134 αὐτῶν
792 2086 1114 2149 μεταθεῖναι
1159 2082 1224 2133 τὰ
1272 2078 1334 2134 δὲ
1380 2079 1471 2134 καὶ
1518 2081 1822 2151 ἀκυρῶσαι·

136 2171 278 2238 <29>
311 2169 425 2222 ἐπεὶ
458 2170 550 2222 διὰ
582 2172 639 2222 τί
675 2169 703 2223 6
736 2169 1021 2238 πάνσοφος
1056 2169 1212 2238 ἡμῶν
1250 2170 1427 2238 πατὴρ
1461 2166 1654 2238 Ἰακὼβ
1692 2173 1824 2233 τοὺς

133 2257 257 2327 περὶ
283 2259 521 2326 Συμεὼν
552 2256 641 2310 καὶ
667 2256 804 2310 Λευὶ
845 2259 1080 2310 αἰτιᾶται
1120 2259 1193 2326 μὴ
1227 2261 1471 2328 λογισμῷ
1511 2261 1641 2321 τοὺς
1665 2262 1823 2311 Σικι-

66 2370 110 2402 25
133 2350 291 2416 μίτας
337 2345 582 2415 ε’θνηδὸν
622 2345 1070 2414 ἀποσφάξαντας,
1118 2345 1293 2413 λέγων
1335 2345 1751 2416 (ἐπικατάρατος
1790 2347 1820 2401 ὁ

132 2437 313 2504 θυμὸς
366 2434 603 2499 αὐτῶν;’
658 2437 709 2488 εἰ
761 2436 833 2503 μὴ
890 2435 992 2502 γὰρ
1049 2434 1282 2488 ἐδύνατο
1337 2435 1366 2488 6
1415 2436 1675 2504 λογισμὸς
1720 2443 1821 2489 τοῦ

131 2530 322 2592 θυμοῦ
368 2533 615 2593 κρατεῖν,
671 2523 773 2576 οὐκ
821 2522 890 2575 ἂν
936 2519 1086 2576 εἶπεν
1134 2523 1321 2586 οὕτως.
1400 2523 1544 2591 <30>
1585 2523 1820 2592 ὁπηνίκα

132 2613 236 2682 γὰρ
292 2612 321 2666 6
374 2613 509 2674 θεὸς
568 2614 666 2665 τὸν
729 2612 1033 2680 ἄνθρωπον
1086 2612 1465 2679 κατεσκεύαζε,
1528 2615 1674 2684 λόγῳ
1728 2611 1821 2665 καὶ

122 2700 572 2768 ,αὐτεξουσιότητι
611 2702 908 2769 κοσμήσας,
947 2699 1207 2768 τηνικάδε
1245 2702 1335 2753 καὶ
1375 2701 1441 2752 τὰ
1478 2700 1631 2768 πάθη
1672 2699 1820 2772 αὐτῷ

63 2812 108 2844 30
131 2786 222 2841 καὶ
268 2789 334 2841 τὰ
381 2789 493 2857 ἤθη
537 2789 954 2857 περιεφύτευσε,
1000 2786 1090 2840 καὶ
1130 2789 1228 2841 τὸν
1265 2788 1508 2857 ἡγεμόνα
1546 2795 1686 2842 νοῦν
1727 2790 1819 2842 διὰ

130 2886 240 2929 τῶν
284 2877 448 2935 ἔνδον
487 2878 866 2945 αἰσθητηρίων
908 2876 1254 2946 ἐνεθρόνισε,
1297 2875 1386 2928 καὶ
1426 2877 1602 2950 τούτῳ
1642 2879 1820 2947 νόμον
