2032 3128
227 105 334 157 174
647 111 772 152 ΤοΤ
802 112 1144 154 IOTAAIKOT
1175 114 1483 156 ΠΟΛΕΜΟΥ

224 240 407 310 <355>
447 245 506 294 οἳ
548 240 598 295 δ’
631 242 855 298 ἐπειδὰν
893 244 1172 299 ἀκούσωσι
1217 256 1328 300 τῶν
1367 246 1773 317 ἐντεταλμένων
1812 250 1909 303 αὐ-

222 338 353 396 τοῖς,
391 328 526 398 πυρὶ
564 333 625 384 τὸ
659 341 815 401 σῶμα
851 336 1190 400 παραδόντες
1229 336 1376 398 ὅπως
1415 335 1483 404 δὴ
1523 335 1614 390 καὶ
1653 343 1906 398 καθαρω-

220 417 390 486 τάτην
421 417 759 488 ἀποκρίνωσι
790 429 890 474 τοῦ
922 423 1171 491 σώματος
1201 422 1304 483 τὴν
1333 427 1535 485 ψυχήν,
1567 415 1906 484 ὑμνούμενοι

219 509 534 558 τελευτῶσι·
576 507 757 569 (356)
797 506 939 572 ῥᾷον
977 511 1082 570 γὰρ
1123 501 1369 565 ἐκείνους
1409 504 1487 565 εἰς
1524 504 1623 556 τὸν
1657 504 1907 558 θάνατον

219 594 278 642 οἱ
325 592 578 657 φίλτατοι
631 587 1050 658 προπέμπουσιν
1100 590 1134 659 ἢ
1188 600 1301 644 τῶν
1351 592 1538 644 ἄλλων
1589 591 1906 660 ἀνθρώπων

218 677 435 730 ἔκαστοι
490 679 621 739 τοὺς
673 680 899 739 πολίτας
954 680 1032 741 είς
1092 682 1360 748 μηκίστην
1415 679 1753 748 ἀποδημίαν,
1815 677 1905 732 καὶ

219 774 362 836 σφᾶς
407 764 508 836 μὲν
547 766 748 828 αὐτοὺς
787 767 1144 835 δακρύουσιν,
1193 767 1440 826 ἐκείνους
1479 765 1540 820 δὲ
1579 771 1906 838 μακαρίζου-

219 869 310 908 σιν
349 856 454 923 ἤδη
493 853 596 922 τὴν
635 853 918 907 ἀθάνατον
957 853 1111 917 τάξιν
1146 851 1653 921 ἀπολαμβάνοντας.
1722 856 1906 920 <357>

218 939 303 1012 ἀρ’
330 939 432 996 οὖν
466 942 567 996 οὐκ
606 943 918 1010 αἰδούμεθα
956 950 1144 1011 χεῖρον
1175 938 1370 993 Ἰνδῶν
1407 948 1777 1009 φρονοῦντες,
1814 939 1905 993 καὶ

218 1033 311 1084 διὰ
364 1039 458 1100 τῆς
513 1028 724 1083 ἑαυτῶν
771 1029 1033 1098 ἀτολμίας
1078 1031 1207 1091 τοὺς
1251 1031 1519 1099 πατρίους
1565 1030 1797 1097 νόμους,
1853 1031 1911 1081 οἳ

218 1127 387 1173 πᾶσιν
419 1119 737 1187 ἀνθρώποις
775 1120 853 1180 εἰς
894 1120 1057 1185 ζῆλον
1087 1117 1339 1185 ἥκουσιν,
1379 1118 1615 1186 αἰσχρῶς
1652 1117 1906 1186 ὑβρίζον-

218 1227 333 1271 τες;
389 1207 571 1275 <358>
617 1203 735 1259 ἀλλ’
774 1210 831 1258 εἴ
877 1225 938 1273 γε
989 1203 1079 1258 καὶ
1125 1207 1256 1267 τοὺς
1304 1204 1591 1267 ἐναντίους
1637 1203 1691 1268 ἐξ
1740 1205 1907 1275 ἀρχῆς

219 1300 421 1365 λόγους
453 1295 880 1363 ἐπαιδεύθημεν,
915 1294 988 1356 ὡς
1018 1295 1124 1362 ἄρα
1156 1292 1416 1362 μέγιστον
1442 1293 1661 1360 ἀγαθὸν
1686 1292 1906 1362 ἀνθρώ-

217 1403 341 1448 ποις
379 1382 493 1438 ἐστὶ
532 1386 593 1437 τὸ
636 1386 749 1452 ζῆν,
789 1383 1047 1453 συμφορὰ
1087 1380 1137 1434 δ’
1170 1383 1209 1436 ὁ.
1238 1382 1501 1450 θάνατος,
1541 1381 1570 1434 ὁ
1610 1389 1750 1448 γοῦν
1788 1400 1906 1433 και-

219 1477 314 1542 ρὸς
365 1474 508 1542 ἡμᾶς
559 1476 868 1543 παρακαλεῖ
918 1470 1111 1542 φέρειν
1161 1472 1467 1541 εὐκαρδίως
1521 1470 1713 1538 αὐτόν,
1764 1475 1905 1523 θεοῦ

219 1564 409 1633 γνώμῃ
448 1559 540 1614 καὶ
578 1559 697 1614 κατ’
728 1560 972 1629 ἀνάγκας
1006 1563 1448 1629 τελευτήσοντας.
1515 1558 1698 1627 <359>
1737 1558 1905 1611 πάλαι

219 1651 348 1719 γάρ,
403 1651 475 1713 ὡς
530 1651 697 1717 ἔοικε,
759 1650 894 1702 κατὰ
949 1657 1050 1703 τοῦ
1103 1656 1296 1702 κοινοῦ
1357 1649 1563 1710 παντὸς
1613 1645 1906 1700 Ἰουδαίων

219 1738 414 1806 γένους
459 1739 663 1807 ταύτην
709 1740 869 1791 ἔθετο
916 1738 1016 1805 τὴν
1062 1744 1254 1807 ψῆφον
1301 1737 1331 1791 ὁ
1378 1738 1536 1803 θεός,
1587 1733 1728 1788 ὥσθ’
1767 1735 1908 1804 ἡμᾶς

218 1836 317 1881 τοῦ
352 1829 445 1894 ζῆν
477 1825 826 1895 ἀπηλλάχθαι
865 1827 938 1895 μὴ
978 1825 1278 1895 μέλλοντας
1310 1826 1457 1897 αὐτῷ
1491 1830 1733 1895 χρῆσθαι
1771 1825 1906 1877 κατὰ

218 1918 438 1985 τρόπον.
521 1914 704 1983 <360>
758 1915 831 1983 μὴ
893 1916 997 1984 γὰρ
1055 1914 1243 1977 αὐτοῖς
1306 1913 1441 1983 ὑμῖν
1496 1905 1758 1966 ἀνάπτετε
1813 1913 1908 1975 τὰς

219 2006 409 2071 αἰτίας,
449 1990 590 2072 μηδὲ
624 2006 912 2073 χαρίζεσθε
944 2013 1059 2067 τοῖς
1089 2001 1375 2073 Ῥωμαίοις
1407 2002 1491 2055 ὅτι
1522 2003 1731 2066 πάντας
1767 2002 1907 2070 ἡμᾶς

220 2094 248 2147 ὁ
295 2094 432 2162 πρὸς
477 2092 678 2155 αὐτοὺς
726 2095 964 2159 πόλεμος
1010 2091 1348 2162 διέφθειρεν.
1418 2092 1486 2145 οὐ
1533 2092 1639 2162 γὰρ
1680 2090 1907 2144 ἐκείνων

220 2183 368 2251 ἰσχύι
415 2189 586 2233 ταῦτα
633 2180 1002 2250 συμβέβηκεν,
1059 2180 1198 2234 ἀλλὰ
1247 2184 1509 2250 κρείττων
1557 2182 1705 2233 αἰτία
1750 2198 1907 2248 γενο-

218 2269 354 2339 μένη
409 2271 469 2323 τὸ
529 2270 714 2323 δοκεῖν
770 2269 1001 2332 ἐκείνοις
1061 2278 1223 2323 νικᾶν
1276 2268 1635 2339 παρέσχηκεν.
1725 2268 1906 2336 (361)

217 2362 398 2422 ποίοις
435 2359 541 2428 γὰρ
575 2359 765 2421 ὅπλοις
795 2357 1075 2428 Ῥωμαίων
1107 2361 1445 2427 τεθνήκασιν
1479 2359 1538 2411 oc
1564 2357 1905 2425 Καισάρειαν

212 2445 475 2501 Ἰουδαῖοι
514 2455 925 2512 κατοικοῦντες;
974 2448 1152 2517 <362>
1200 2445 1318 2500 ἀλλ’
1356 2444 1489 2501 οὐδὲ
1534 2447 1906 2516 μελλήσαντας

1953 618 1972 649 5

1930 1053 1972 1085 10

1930 1493 1974 1526 15

1931 1938 1974 1970 20

1931 2380 1976 2412 25

220 2536 421 2599 αὐτοὺς
468 2535 695 2589 ἐκείνων
741 2536 1108 2605 ἀφίστασθαι,
1159 2535 1359 2605 μεταξὺ
1408 2533 1470 2588 δὲ
1516 2537 1617 2603 τὴν
1665 2533 1907 2603 ἑβδόμην
1955 2566 1958 2569 -

221 2622 597 2694 ἑορτάζοντας,
658 2626 720 2679 τὸ
775 2630 991 2693 πλῆθος
1050 2634 1160 2678 τῶν
1215 2622 1544 2694 Καισαρέων
1600 2623 1906 2694 ἐπιδραμὸν

220 2711 358 2782 μηδὲ
388 2723 574 2784 χεῖρας
604 2713 966 2781 ἀνταίροντας
998 2715 1108 2783 ἅμα
1140 2712 1358 2782 γυναιξὶ
1389 2712 1480 2766 καὶ
1511 2711 1723 2775 τέκνοις
1753 2709 1906 2765 κατέ-

220 2802 454 2872 σφαξαν,
493 2801 617 2857 οὐδ’
641 2803 843 2865 αὐτοὺς
864 2802 1160 2871 Ῥωμαίους
1191 2800 1566 2870 ἐντραπέντες,
1606 2804 1664 2856 οἳ
1698 2803 1904 2870 μόνους

217 2890 359 2959 ἡμᾶς
417 2890 657 2959 ἡγοῦντο
718 2894 1016 2960 πολεμίους
1071 2894 1201 2954 τοὺς
1258 2890 1655 2960 ἀφεστηκότας;
1720 2889 1903 2959 <363>

1928 2803 2032 2874 30}
