2032 3128
221 107 291 159 86
524 83 529 85 ’
648 110 772 151 Tor
804 109 1144 152 IOTAAIKOT
1174 110 1482 151 ΠΟΛΕΜΟΥ

216 243 455 311 Καίσαρι
510 244 685 310 μόνον
731 241 869 295 ἀλλὰ
915 240 1006 295 καὶ
1051 242 1196 310 παρὰ
1246 250 1359 305 τοῖς
1406 244 1687 312 πολεμίοις
1737 239 1894 304 κλέος

214 331 550 382 καταλιπών·
592 330 734 399 <91>
757 328 1020 383 Ἰουδαῖοι
1059 327 1121 382 δὲ
1158 328 1249 383 καὶ
1287 332 1383 383 τὸν
1423 332 1621 401 νεκρὸν
1654 329 1895 399 ἁρπασά-

215 436 372 486 μενοι
409 417 578 470 πάλιν
623 420 750 479 τοὺς
801 420 1086 487 Ρωμαιόυς
1124 416 1438 488 τρέπονται,
1487 417 1578 471 καὶ
1616 420 1896 471 κατακλεί-

215 519 376 558 ουσιν
401 507 478 568 εἰς
508 506 608 574 τὴν
635 504 948 560 Ἀντωνίαν.
988 506 1131 575 <92>
1162 507 1505 575 ἠγωνίσαντο
1540 501 1587 559 δ’
1627 505 1680 570 ἐξ
1714 506 1896 559 αὐτῶν

213 592 488 662 ἐπισήμως
542 595 676 647 κατὰ
737 595 942 663 ταύτην
1003 595 1104 663 τὴν
1166 594 1344 664 μάχην
1394 592 1609 658 Ἀλεξᾶς
1662 592 1763 663 μέν
1817 614 1899 657 τις
1944 615 1965 649 5

211 680 304 733 καὶ
339 685 629 751 Γυφθαῖος
666 691 766 736 τοῦ
797 681 1061 736 Ἰωάννου
1099 683 1394 752 τάγματος,
1434 682 1493 735 ἐκ
1533 679 1593 735 δὲ
1631 692 1743 736 τῶν
1772 681 1898 751 περὶ

213 772 447 837 Σίμωνα
486 772 778 839 Μαλαχίας
809 790 866 823 τε
897 768 988 823 καὶ
1021 770 1050 824 6
1083 779 1183 824 τοῦ
1213 770 1516 841 Μέρτωνος
1547 769 1776 839 Ἰούδας,
1807 769 1897 824 καὶ

210 860 382 910 Σωσᾶ
405 859 526 920 υίὸς
549 857 808 927 Ἰάκωβος
830 867 941 911 τῶν
965 857 1294 928 Ἰδουμαίων
1317 858 1554 928 ἡγεμών,
1585 868 1695 912 τῶν
1721 857 1782 912 δὲ
1816 863 1897 929 ζη-

215 950 405 999 λωτῶν
432 945 662 1016 ἀδελφοὶ
696 948 818 1016 δύο,
850 949 1041 1010 παῖδες
1065 946 1206 1017 Ἀρί,
1243 950 1440 1016 Σίμων
1473 968 1530 1001 τε
1553 946 1644 1000 καὶ
1667 946 1897 1015 Ἰούδης.

153 1035 187 1087 2
326 1035 471 1104 <93>
509 1038 727 1106 Καῖσαρ
777 1033 838 1089 δὲ
883 1046 997 1099 τοῖς
1043 1034 1144 1106 μὲν
1191 1039 1295 1090 σὺν
1346 1037 1493 1108 αὐτῷ
1545 1038 1899 1106 στρατιώταις
1922 1059 1966 1090 10

209 1123 608 1177 κατασκάπτειν
647 1123 941 1194 προσέταξε
978 1127 1107 1188 τοὺς
1137 1128 1431 1194 θεμελίους
1460 1132 1555 1193 τῆς
1583 1123 1897 1194 Ἀντωνίας,

207 1209 300 1264 καὶ
338 1219 402 1282 τῇ
449 1213 681 1281 δυνάμει
720 1213 865 1283 πάσῃ
914 1213 1115 1285 ῥᾳδίαν
1153 1215 1254 1283 τὴν
1293 1215 1501 1267 ἄνοδον
1540 1213 1895 1283 εὐτρεπίζειν·

207 1299 353 1369 <94>
387 1301 550 1364 αὐτὸς
582 1298 643 1353 δὲ
674 1302 771 1354 τὸν
795 1300 1062 1370 Ἰώσηπον
1085 1302 1573 1371 παραστησάμενος
1601 1300 1896 1373 (ἐπέπυστο

206 1388 312 1458 γὰρ
354 1387 434 1441 ἐπ’
482 1388 691 1458 ἐκείνης
728 1397 823 1459 τῆς
861 1389 1089 1461 ἡμέρας,
1142 1389 1407 1460 Πανέμου
1449 1389 1497 1444 δ’
1537 1386 1608 1459 ἧν
1647 1389 1898 1444 ἑπτακαι-

208 1477 431 1546 δεκάτη,
477 1478 575 1530 τὸν
614 1477 1003 1548 ἐνδελεχισμὸν
1049 1480 1394 1548 καλούμενον
1433 1477 1656 1549 ἀνδρῶν
1696 1478 1898 1551 ἀπορία
1922 1500 1964 1532 15

207 1564 618 1618 διαλελοιπέναι
656 1574 730 1638 τῷ
772 1572 915 1640 θεῷ,
953 1566 1047 1620 καὶ
1087 1568 1184 1621 τὸν
1224 1568 1401 1637 δῆμον
1442 1566 1529 1620 ἐπὶ
1569 1568 1746 1641 τούτῳ
1788 1569 1898 1620 δει-

204 1662 317 1716 νῶς
349 1652 616 1727 ἀθυμεῖν)
657 1655 803 1725 <95>
836 1654 1019 1724 λέγειν
1050 1663 1124 1728 τῷ
1150 1654 1381 1726 Ἰωάννη
1411 1655 1579 1709 πάλιν
1612 1654 1897 1710 ἐκέλευσεν

206 1741 240 1794 ἃ
280 1741 371 1795 καὶ
409 1745 706 1813 πρότερον,
747 1745 820 1807 ὡς
858 1746 911 1797 ει’
946 1748 1043 1797 καί
1074 1764 1156 1808 τις
1194 1744 1363 1797 αὐτὸν
1404 1746 1541 1815 ἔρως
1578 1745 1743 1807 κακὸς
1782 1748 1897 1815 ἔχοι

202 1837 302 1883 τοῦ
351 1831 653 1902 μάχεσθαι,
703 1835 1041 1904 προελθόντι
1081 1831 1203 1903 μεθ’
1252 1833 1400 1886 ὅσων
1438 1834 1698 1902 βούλεται
1737 1838 1897 1887 πολε-

203 1928 328 1987 μεῖν
370 1918 536 1989 ἐξείη,
588 1922 715 1992 δίχα
761 1931 861 1975 τοῦ
910 1920 1325 1976 συναπολέσθαι
1364 1924 1466 1991 τήν
1505 1942 1562 1975 τε
1601 1925 1766 1975 πόλιν
1804 1921 1896 1976 καὶ
1921 1943 1964 1975 20

201 2008 301 2060 τὸν
339 2010 479 2062 ναὸν
519 2009 690 2082 αὐτῷ,
730 2008 919 2080 μηκέτι
952 2008 1138 2080 μέντοι
1170 2013 1411 2080 μιαίνειν
1449 2012 1511 2064 τὸ
1545 2012 1724 2080 ἅγιον,
1763 2010 1889 2081 μηδ’

202 2097 284 2158 εἰς
307 2097 403 2149 τὸν
427 2098 566 2150 θεὸν
591 2102 944 2168 πλημμελεῖν.
984 2108 1240 2170 παρεῖναι
1265 2098 1314 2152 δ’
1338 2099 1485 2172 αὐτῷ
1511 2100 1606 2162 τὰς
1630 2099 1896 2153 ἐπιλελοι-

201 2186 367 2247 πυιάς
399 2189 604 2250 θυσίας
637 2186 891 2256 ἐκτελεῖν,
933 2186 1004 2240 δι’
1038 2183 1116 2240 ὧν
1148 2187 1218 2241 ἂν
1251 2186 1559 2257 ἐπιλέξηται
1590 2186 1895 2242 Ἰουδαίων.

198 2273 344 2341 <96>
384 2273 476 2328 καὶ
516 2275 545 2329 6
578 2274 867 2345 Ἰώσηπος,
906 2277 979 2339 ὡς
1018 2276 1087 2330 ἂν
1127 2282 1211 2345 εἴη
1243 2277 1317 2346 μὴ
1350 2283 1424 2349 τῷ
1457 2275 1688 2348 Ἰωάννῃ
1720 2279 1895 2345 μόνον

204 2360 345 2415 ἀλλὰ
383 2361 476 2416 καὶ
514 2374 630 2427 τοῖς
667 2369 894 2428 πολλοῖς
933 2364 994 2418 ἐν
1034 2364 1249 2438 ἐπηκόῳ
1289 2365 1355 2418 τά
1387 2385 1444 2418 τε
1474 2372 1574 2418 τοῦ
1614 2368 1897 2435 Καίσαρος
1921 2383 1963 2418 25
1998 2421 2003 2428 ,

199 2451 513 2518 διήγγειλεν
565 2451 859 2522 ἑβραΐζων,
924 2454 1084 2524 <97>
1123 2452 1214 2507 καὶ
1253 2454 1431 2506 πολλὰ
1469 2455 1896 2523 προσηντιβόλει

196 2541 503 2608 φείσασθαι
557 2548 651 2610 τῆς
703 2544 995 2611 πατρίδος,
1050 2540 1140 2596 καὶ
1193 2542 1553 2596 διασκεδάσαι
1603 2550 1703 2596 τοῦ
1754 2551 1896 2596 ναοῦ

194 2630 501 2696 γευόμενον
539 2630 645 2699 ἤδη
679 2631 740 2683 τὸ
772 2618 887 2700 πῦρ
897 2660 912 2699 ·,
951 2632 1080 2694 τούς
1119 2629 1162 2684 τ’
1211 2629 1545 2699 ἐναγισμοὺς
1584 2629 1895 2684 ἀποδοῦναι

193 2723 268 2786 τῷ
310 2722 443 2789 θεῷ.
519 2719 664 2787 <98>
709 2720 847 2789 πρὸς
893 2727 1064 2773 ταῦτα
1108 2726 1210 2773 τοῦ
1260 2720 1440 2787 δήμου
1482 2717 1584 2787 μὲν
1623 2715 1694 2787 ἦν
1733 2722 1896 2788 κατή-

192 2824 324 2873 φεια
370 2804 462 2859 καὶ
510 2809 664 2876 σιγή,
709 2808 888 2860 πολλὰ
936 2806 985 2860 δ’
1033 2808 1062 2862 6
1110 2809 1387 2878 τύραννος
1437 2809 1792 2876 λοιδορηθείς
1836 2829 1893 2861 τε
1919 2832 1963 2864 30

191 2900 267 2964 τῷ
311 2892 555 2970 Ἰωσήπῳ
602 2894 693 2950 καὶ
740 2897 1187 2967 καταρασάμενος
1233 2898 1293 2950 τὸ
1341 2900 1658 2950 τελευταῖον
1696 2896 1896 2967 προσέ-
