2032 3128
704 104 914 146 ΛΟΓΟΣ
946 104 1235 145 ΕΒΔοΜοΣ
1693 98 1798 150 139

114 239 426 304 πολεμικῶν
464 235 893 305 κεκοσμημένον,
932 230 975 308 ᾧ
1013 237 1114 305 τὴν
1144 236 1424 305 ὑπεροχὴν
1454 236 1591 304 πρὸς
1621 236 1801 302 μόνην

114 323 413 390 ἠπίσταντο
475 325 578 391 τὴν
637 333 749 377 τῶν
804 323 1124 394 ἀρχομένων
1178 326 1456 392 σωτηρίαν
1513 319 1801 390 ἐσομένην·

114 411 259 477 <66>
297 409 388 462 καὶ
436 412 545 478 μὴν
585 411 614 464 ὁ
656 413 829 480 δῆμος
876 413 984 464 ὑπὸ
1024 421 1134 464 τῶν
1173 411 1459 479 ἐμφυλίων
1499 420 1682 463 κακῶν
1719 429 1803 463 τεο

114 496 463 566 τρυχωμένος
504 498 582 549 ἔτι
622 504 833 565 μᾶλλον
865 499 1054 552 ἐλθεῖν
1086 498 1256 550 αὐτὸν
1290 498 1542 563 ἔσπευδε,
1579 499 1700 548 τότε
1733 498 1802 564 δὴ

68 607 90 640 5
114 588 350 654 βεβαίως
388 582 489 653 μὲν
537 584 1027 652 ἀπαλλαγήσεσθαι
1065 594 1176 637 τῶν
1216 593 1520 652 συμφορῶν
1558 584 1805 652 ὑπολαμ-

113 673 329 741 βάνων,
375 671 763 741 ἀπολήψεσθαι
811 669 872 725 δὲ
918 674 1020 741 τὴν
1069 673 1262 724 ἄδειαν
1310 672 1442 740 μετὰ
1488 678 1582 739 τῆς
1619 671 1806 740 εὐετη-

112 764 236 827 ριάς
272 761 661 823 πεπιστευκώς.
725 762 870 828 <67>
909 759 1196 829 ἐξαιρέτως
1228 758 1288 812 δὲ
1319 762 1381 813 τὸ
1415 761 1804 827 στρατιωτικὸν

112 851 191 911 εἰς
229 849 399 902 αὐτὸν
438 847 684 917 ἀφεώρα·
741 849 976 916 μάλιστα
1015 849 1120 916 γὰρ
1161 844 1316 901 οὗτοι
1356 858 1466 901 τῶν
1506 852 1804 914 κατωρθω-

112 934 296 1004 μένων
357 935 504 1007 αὐτςό
566 935 825 1004 πολέμων
886 936 1226 1004 ἐγίγνωσκον
1279 938 1340 989 τὸ
1397 934 1656 1004 μέγεθος,
1710 943 1805 1003 τῆς

6 1027 88 1079 ἰο
113 1023 361 1091 ἀπειρίας
408 1021 470 1076 δὲ
516 1033 627 1076 τῶν
673 1025 860 1077 ἄλλων
904 1024 1194 1093 ἡγεμόνων
1233 1023 1323 1076 καὶ
1368 1032 1463 1092 τῆς
1502 1023 1805 1091 ἀνανδρίας

109 1111 504 1181 πεπειραμένοι
550 1116 758 1181 πολλῆς
797 1109 899 1180 μὲν
939 1113 1203 1182 αἰσχύνης
1241 1113 1444 1175 αὑτοὺς
1483 1111 1805 1179 ἐπεθύμουν

110 1200 482 1270 ἀπηλλάχθαι,
520 1203 618 1254 τὸν
658 1203 834 1268 μόνον
867 1198 929 1253 δὲ
960 1199 1051 1253 καὶ
1092 1202 1284 1266 σώζειν
1317 1201 1519 1264 αὐτοὺς
1548 1199 1640 1254 καὶ
1679 1215 1805 1255 κοσ-

110 1298 235 1357 μεῖν
290 1289 607 1359 δυνάμενον
662 1288 964 1358 ἀπολαβεῖν
1017 1290 1271 1359 ηὔχοντο.
1349 1289 1497 1358 <68>
1548 1291 1806 1358 τοιαύτης

110 1376 161 1430 δ’
200 1378 423 1440 εὐνοίας
463 1377 518 1441 ἐξ
559 1376 818 1430 ἁπάντων
849 1378 1224 1447 ὑπαρχούσης,
1262 1387 1378 1439 τοῖς
1409 1374 1511 1446 μὲν
1543 1378 1679 1430 κατὰ
1709 1379 1805 1440 τὰς

42 1488 86 1521 15
110 1465 361 1530 ἀξιώσεις
414 1467 723 1534 προύχουσι
777 1475 889 1519 τῶν
940 1466 1166 1534 ἀνδρῶν
1215 1463 1394 1519 οὐκέτ’
1447 1466 1679 1519 ἀνεκτὸν
1733 1462 1805 1534 ἡν

108 1553 432 1623 ἀναμένειν,
479 1553 620 1607 ἀλλὰ
666 1555 1002 1623 πορρωτάτω
1050 1562 1145 1623 τῆς
1174 1552 1380 1623 Ῥώμης
1419 1555 1566 1625 αὐτῷ
1607 1573 1805 1625 προεν-

106 1653 295 1714 τυχεῖν
344 1644 632 1696 ἔσπευδον.
710 1643 856 1711 <69>
905 1643 972 1695 οὐ
1019 1644 1129 1712 μὴν
1177 1640 1309 1695 οὐδὲ
1349 1652 1460 1696 τῶν
1499 1644 1686 1696 ἄλλων
1723 1663 1806 1706 τις

106 1733 353 1802 ἠνείχετο
393 1739 489 1800 τῆς
528 1730 821 1795 ἐντεύξεως
851 1732 953 1799 τὴν
984 1731 1288 1800 ἀναβολήν,
1329 1729 1447 1785 ἀλλ’
1487 1732 1663 1794 οὕτως
1694 1731 1805 1796 ἐξε-

106 1819 299 1890 χέοντο
353 1820 554 1882 πάντες
606 1819 840 1888 ἀθρόοι,
902 1818 993 1872 καὶ
1051 1828 1221 1873 πᾶσιν
1275 1820 1659 1890 εὐπορώτερον
1712 1818 1805 1873 καὶ

12 1931 83 1963 ‘20
108 1909 250 1980 ῥᾷον
289 1908 469 1961 ἐδόκει
508 1917 610 1962 τοῦ
648 1907 836 1977 μένειν
874 1910 936 1961 τὸ
977 1907 1216 1975 ἀπιέναι,
1257 1908 1329 1971 ὡς
1366 1907 1457 1961 καὶ
1497 1910 1598 1978 τὴν
1637 1911 1804 1962 πόλιν

106 1998 280 2065 αὐτὴν
335 2000 457 2050 τότε
511 2006 732 2063 πρῶτον
780 1996 842 2050 ἐν
890 1994 1056 2068 ἑαυτῇ
1108 2000 1301 2065 λαβεῖν
1351 1997 1806 2067 ὀλιγανθρωπίας

105 2091 374 2154 αἴσθησιν
413 2086 628 2153 ἡδεῖαν·
669 2082 811 2153 ἦσαν
850 2087 956 2154 γὰρ
999 2086 1258 2148 ἐλάττους
1295 2096 1407 2139 τῶν
1438 2085 1718 2139 ἀπιόντων
1751 2085 1811 2138 oc

105 2173 379 2243 μένοντες.
456 2175 602 2243 <70>
650 2172 767 2227 ἐπεὶ
815 2171 875 2227 δὲ
922 2176 1172 2244 προσιὼν
1221 2174 1518 2243 ἠγγέλλετο
1564 2172 1654 2227 καὶ
1703 2174 1806 2242 τὴν

104 2262 412 2332 ἡμερότητα
465 2270 561 2331 τῆς
615 2262 908 2326 ἐντεύξεως
965 2262 1139 2322 αὐτοῦ
1192 2264 1294 2332 τὴν
1348 2265 1486 2333 πρὸς
1540 2261 1805 2326 ἑκάστους

35 2374 82 2405 25
107 2350 347 2419 ἐδήλουν
388 2352 448 2403 oc
480 2353 878 2419 προελθόντες,
919 2352 1066 2404 ἅπαν
1104 2353 1211 2420 ἤδη
1250 2354 1312 2406 τὸ
1353 2354 1551 2405 λοιπὸν
1589 2355 1807 2420 πλῆθος

109 2440 220 2507 ἅμα
258 2437 478 2506 γυναιξὶ
518 2437 610 2492 καὶ
648 2437 842 2492 παισὶν
881 2438 970 2492 ἐπὶ
1009 2449 1126 2503 ταῖς
1163 2442 1432 2511 παρόδοις
1471 2438 1809 2510 ἐξεδέχοντο,

108 2528 255 2596 <71>
302 2526 394 2580 καὶ
448 2526 577 2581 καθ’
632 2528 731 2591 οὓς
783 2526 999 2595 γένοιτο
1053 2530 1272 2598 παριὼν
1323 2525 1479 2583 οὗτοι
1524 2530 1662 2599 πρὸς
1706 2529 1808 2596 τὴν

107 2616 322 2684 ἡδονὴν
369 2625 463 2684 τῆς
508 2616 650 2679 θέας
689 2614 782 2669 καὶ
828 2618 890 2669 τὸ
941 2620 1214 2686 μειλίχιον
1261 2618 1435 2671 αὐτοῦ
1485 2625 1581 2686 τῆς
1631 2618 1810 2679 ὄψεως

108 2707 374 2770 παντοίας
419 2705 660 2774 ἠφίεσαν
708 2705 925 2774 φωνάς,
971 2707 1068 2759 τὸν
1116 2705 1411 2775 εὐεργέτην
1457 2704 1549 2758 καὶ
1590 2712 1810 2774 σωτῆρα

38 2815 86 2847 30
109 2792 201 2845 καὶ
255 2796 432 2862 μόνον
489 2794 647 2857 ἄξιον
702 2793 947 2862 ἡγεμόνα
997 2802 1093 2862 τῆς
1133 2792 1339 2864 Ῥώμης
1391 2794 1811 2855 ἀνακαλοῦντες.

110 2882 295 2935 ἅπασα
337 2879 384 2934 δ’
426 2881 460 2950 ἡ
499 2885 659 2944 πόλις
699 2882 772 2944 ὡς
810 2882 949 2945 νεὼς
987 2878 1057 2950 ἡν
1090 2883 1535 2953 στεφανωμάτων
1574 2880 1666 2935 καὶ
1705 2887 1811 2934 θυ-
