2032 3128
201 95 303 147 108
617 98 742 139 TOT
772 96 1112 138 IOTAAIKOT
1142 96 1450 139 ΠΟΛΕΜΟΥ

197 228 490 299 χρημάτων
544 229 712 298 μεστὰ
765 235 877 298 εἴη,
927 227 1019 282 καὶ
1069 229 1134 281 τὰ
1178 227 1332 296 πέριξ
1380 229 1622 297 ὁρῶντας
1665 234 1874 298 χρυσοῦ

199 316 553 386 πεποιημένα.
609 318 792 385 <265>
830 318 1038 386 φθάνει
1080 315 1144 369 δέ
1177 336 1258 379 τις
1295 315 1387 369 καὶ
1425 326 1535 370 τῶν
1574 322 1702 369 εἴσω
1742 335 1876 384 παρ-

197 406 581 472 εληλυθότων,
635 404 1041 474 ἐκπηδήσαντος
1085 412 1185 457 τοῦ
1235 407 1512 475 Καίσαρος
1563 406 1699 474 πρὸς
1753 403 1876 456 ἐπο-

196 493 299 559 χὴν
338 501 448 545 τῶν
488 502 858 561 στρατιωτῶν,
897 501 1007 560 πῦρ
1048 493 1126 554 είς
1163 495 1291 554 τοὺς
1323 490 1593 562 στροφέας
1624 491 1876 561 ἐμβαλὼν

196 588 292 647 τῆς
322 580 499 648 πύλης
529 579 590 632 ἐν
623 583 827 653 σκότῳ,
867 580 1049 648 <266>
1080 580 1334 649 ἐξαπίνης
1363 576 1408 633 τ’
1430 581 1684 634 ’ἔνδοθεν
1716 579 1878 649 ἐκφα-
1923 600 1945 634 5

198 671 384 736 νείσης
423 669 632 736 φλογὸς
663 669 721 720 οἳ
754 666 812 720 θ’
852 668 1117 737 ἡγεμόνες
1147 669 1279 737 μετὰ
1309 675 1408 721 τοῦ
1440 669 1717 735 Καίσαρος
1755 665 1878 719 ἀνε-

195 757 431 826 χώρουν,
469 754 559 808 καὶ
597 757 729 818 τοὺς
767 754 975 819 ἔξωθεν
1015 754 1200 818 οὐδεὶς
1237 755 1509 825 ὑφάπτειν
1549 754 1805 808 ἐκώλυεν.

137 859 163 897 8
305 845 488 913 <267>
539 845 567 897 ὁ
619 841 721 912 μὲν
771 840 874 897 οὗν
924 846 1058 907 ναὸς
1104 844 1278 907 οὕτως
1323 846 1552 906 ἄκοντος
1600 846 1881 912 Καίσαρος

196 932 587 1003 ἐμπίμπραται·
649 934 827 986 πολλὰ
875 930 926 985 δ’
971 934 1040 985 ἄν
1086 952 1168 995 τις
1213 931 1700 1002 ἐπολοφυράμενος
1737 933 1880 1002 ἔργω

194 1021 416 1074 πάντων
465 1016 542 1073 ὧν
593 1022 718 1084 ὄψει
763 1019 854 1074 καὶ
901 1020 1037 1090 ἀκοῇ
1090 1022 1507 1090 παρειλήφαμεν
1556 1025 1879 1089 θαυμασιω-
1906 1043 1947 1075 ιο

194 1109 337 1181 τάτω
387 1116 721 1177 κατασκευῆς
766 1107 825 1161 θ’
871 1108 1030 1162 ἕνεκα
1075 1108 1166 1162 καὶ
1213 1108 1511 1178 μεγέθους,
1559 1111 1638 1161 ἔτι
1682 1128 1740 1161 τε
1786 1115 1882 1176 τῆς

194 1195 322 1250 καθ’
361 1197 590 1250 ἕκαστον
629 1199 982 1259 πολυτελείας
1019 1195 1111 1250 καὶ
1148 1204 1244 1266 τῆς
1281 1195 1406 1264 περὶ
1445 1197 1510 1249 τὰ
1542 1198 1670 1264 ἅγια
1704 1195 1882 1265 δόξης,

194 1288 456 1354 μεγίστην
496 1286 657 1354 λάβοι
695 1288 1057 1355 παραμυθίαν
1097 1286 1198 1353 τὴν
1237 1283 1592 1355 εἱμαρμένην,
1630 1285 1882 1352 ἄφυκτον

195 1369 369 1426 οὖσαν
417 1374 599 1442 ὥσπερ
648 1373 945 1443 ἐμψύχοις,
995 1374 1140 1426 οὕτω
1186 1371 1278 1426 καὶ
1326 1375 1508 1441 ἔργοις
1550 1371 1643 1426 καὶ
1680 1375 1883 1436 τόποις.

192 1462 374 1530 <268>
411 1462 716 1531 θαυμάσειε
756 1457 805 1514 δ’
844 1463 913 1515 ἄν
953 1481 1034 1525 τις
1073 1461 1135 1514 ἐν
1174 1462 1312 1531 αὐτῇ
1352 1469 1448 1529 τῆς
1484 1462 1749 1531 περιόδου
1781 1462 1882 1530 τὴν
1909 1484 1951 1517 15

193 1550 495 1618 ἀκρίβειαν.
564 1549 655 1603 καὶ
694 1558 841 1619 μῆνα
879 1558 1038 1618 γοῦν,
1078 1551 1151 1613 ὡς
1190 1552 1348 1620 ἔφην,
1387 1549 1477 1604 καὶ
1515 1548 1724 1619 ἡμέραν
1765 1549 1884 1603 ἐπε-

192 1641 394 1718 τῄρησε
433 1639 535 1706 τὴν
575 1638 750 1706 αὐτὴν
791 1638 851 1691 ἐν
889 1633 925 1709 ᾖ
975 1641 1249 1708 πρότερον
1287 1638 1395 1692 ὑπὸ
1434 1641 1812 1707 Βαβυλωνίων
1853 1640 1883 1693 ὁ

191 1728 325 1789 ναὸς
358 1726 690 1797 ἐνεπρήσθη.
766 1727 949 1796 <269>
987 1725 1079 1779 καὶ
1115 1726 1220 1779 ἀπὸ
1261 1723 1361 1795 μὲν
1401 1733 1495 1794 τῆς
1532 1728 1750 1796 πρώτης
1788 1727 1884 1780 αὐ-

192 1822 291 1868 τοῦ
315 1817 567 1884 κτίσεως,
605 1815 675 1883 ἣν
699 1816 1024 1883 κατεβάλετο
1049 1816 1323 1884 Σολομὼν
1356 1815 1385 1869 ὁ
1417 1817 1694 1884 βασιλεύς,
1726 1814 1886 1886 μέχρι

191 1911 287 1972 τῆς
310 1911 416 1956 νῦν
440 1902 790 1973 ἀναιρέσεως,
822 1903 855 1972 ἣ
881 1903 1111 1972 γε’γονεν
1144 1905 1251 1956 ἔτει
1283 1902 1523 1976 δευτέρῳ
1555 1911 1651 1972 τῆς
1669 1901 1884 1957 ’δεσπα-
1907 1928 1952 1960 20

194 1999 392 2045 σιανοῦ
442 1992 762 2060 ἡγεμονίας,
813 1995 905 2060 ἔτη
955 1993 1250 2060 συνάγεται
1296 1995 1446 2061 χίλια
1493 1990 1689 2046 ἑκατὸν
1735 1992 1886 2061 τριά-
1949 2017 1955 2024 ·

191 2100 386 2148 κοντα,
432 2082 569 2150 πρὸς
617 2078 679 2134 δὲ
725 2089 892 2150 μῆνες
933 2079 1065 2134 ἑπτὰ
1104 2083 1196 2134 καὶ
1235 2082 1624 2134 πεντεκαίδεκα
1662 2079 1884 2151 ἡμέραι·

192 2168 375 2237 <270>
423 2168 530 2222 ἀπὸ
580 2166 642 2222 δὲ
687 2177 782 2238 τῆς
826 2169 1089 2237 ὕστερον,
1138 2169 1208 2237 ἣν
1256 2171 1363 2222 ἔτει
1410 2168 1650 2243 δευτέρῳ
1690 2171 1885 2239 Κύρου

193 2257 586 2325 βασιλεύοντος
633 2257 925 2325 ἐποιήσατο
967 2256 1244 2327 Ἀγγαῖος,
1296 2260 1387 2327 ἔτη
1436 2256 1594 2327 μέχρι
1640 2266 1734 2326 τῆς
1777 2258 1885 2312 ὑπὸ

187 2343 578 2398 ’ὃεσπασιανοῦ
610 2344 864 2408 ἁλώσεως
895 2346 1190 2416 τριάκοντα
1222 2345 1385 2400 ἐννέα
1416 2348 1554 2416 πρὸς
1585 2345 1887 2411 ἑξακοσίοις
1911 2367 1956 2401 25

195 2432 286 2487 καὶ
324 2432 523 2503 ἡμέραι
561 2435 959 2503 τετταράκοντα
997 2433 1173 2488 πέντε.

125 2523 159 2574 5
304 2523 486 2591 <271>
517 2520 815 2590 καιομένου
849 2519 911 2575 δὲ
943 2531 1042 2576 τοῦ
1074 2530 1213 2576 ναοῦ
1238 2531 1350 2575 τῶν
1386 2520 1487 2591 μὲν
1516 2525 1887 2592 προσπιπτόν-

192 2631 304 2663 των
342 2607 413 2679 ἡν
453 2610 690 2680 ἁρπαγή,
731 2613 906 2679 φόνος
946 2608 1006 2664 δὲ
1038 2621 1149 2665 τῶν
1179 2610 1756 2680 καταλαμβανομένων
1788 2632 1888 2680 μυ-

193 2702 332 2768 ρίος·
393 2700 520 2752 οὔτε
561 2700 664 2769 γὰρ
704 2699 920 2767 ἡλικίας
957 2696 1027 2769 ἦν
1068 2702 1219 2763 ἔλεος
1258 2698 1373 2753 οὔτ’
1414 2699 1650 2769 ἐντροπὴ
1693 2702 1888 2769 σεμνό-

191 2807 377 2855 τητος,
425 2787 565 2840 ἀλλὰ
604 2786 696 2840 καὶ
741 2789 936 2841 παιδία
975 2786 1068 2840 καὶ
1107 2787 1362 2856 γέροντες
1400 2786 1493 2840 καὶ
1530 2786 1757 2857 βέβηλοι
1796 2786 1887 2840 καὶ
1911 2809 1955 2841 30

194 2876 358 2945 ἱερεῖς
405 2876 610 2945 ὁμοίως
655 2875 993 2946 ἀνῃροῦντο,
1042 2875 1133 2929 καὶ
1179 2884 1290 2930 πᾶν
1337 2875 1499 2945 γένος
1546 2875 1757 2946 ἐπεξῄει
1796 2893 1888 2929 πε-
