2032 3128
162 97 273 149 260
772 98 930 139 ΚΑΤΑ
960 97 1238 140 ΑΠΙΩΝΟΣ

156 250 251 300 per
290 235 491 284 terram
528 232 631 300 τὴν
655 234 899 300 ’πορείαν
937 229 1311 300 ποιουμένων,
1359 230 1542 298 <114>
1579 232 1709 291 τοὺς
1747 226 1848 298 μὲν

151 317 460 382 Ἰουδαίους
506 320 613 372 ὑπὸ
662 328 761 373 τοῦ
811 318 1127 388 παραδόξου
1173 326 1268 387 τῆς
1321 317 1456 381 θέας
1508 323 1847 386 καταπεπλη-

156 407 414 476 γμένους,
452 411 642 478 πόρρω
678 406 945 476 μένοντας
974 407 1210 477 ἡσυχίαν
1242 408 1416 475 ἄγειν,
1456 407 1555 459 τὸν
1587 403 1648 459 δὲ
1682 407 1849 474 Ζάβι-

157 497 260 549 δον
301 494 389 549 ἐπὶ
436 500 644 564 πολλῆς
689 496 922 565 ἡσυχίας
960 497 1038 558 εἰς
1076 498 1173 549 τὸν
1211 497 1351 549 ναὸν
1390 499 1713 565 παρελθεῖν,
1758 493 1848 548 καὶ

156 585 256 653 τὴν
305 591 518 654 χρυσῆν
565 584 842 651 ἀποσῦραι
888 592 988 638 τοῦ
1041 584 1334 646 κάνθωνος
1385 586 1632 653 κεφαλήν
1679 581 1848 655 (οὕτω
1895 601 1915 634 5
1976 615 1980 619 -

156 674 262 741 γὰρ
305 672 688 742 ἀστεῖζόμενος
726 670 1012 744 γέγραφε),
1051 670 1144 725 καὶ
1181 672 1348 725 πάλιν
1386 673 1465 734 εἰς
1502 674 1676 738 Δῶρα
1714 673 1849 725 κατὰ

155 761 317 831 τάχος
355 760 639 815 ἀπελθεῖν.
708 761 891 829 <115>
923 756 1010 830 ἆρ’
1042 756 1146 814 οὖν
1177 759 1268 813 καὶ
1306 759 1462 829 ἡμεῖς
1500 758 1570 812 ἂν
1601 764 1850 828 εἴποιμεν

156 850 239 901 ὅτι
273 851 370 903 τὸν
401 850 694 918 κάνθωνα,
719 849 1003 903 τουτέστιν
1036 847 1254 915 ἑαυτόν,
1287 847 1490 901 Ἀπίων
1520 847 1850 918 ἐπιφορτίζει

155 935 247 989 καὶ
301 946 453 990 ποιεῖ
502 945 596 1006 τῆς
650 940 996 1006 μωρολογιάς
1051 939 1161 1006 ἅμα
1214 935 1306 990 καὶ
1359 946 1470 990 τῶν
1515 937 1849 1006 ψευσμάτων

155 1026 497 1095 κατάγομον;
538 1025 629 1079 καὶ
669 1027 774 1095 γὰρ
807 1029 1010 1088 τόπους
1042 1026 1145 1079 οὐκ
1185 1027 1347 1088 ὄντας
1384 1026 1585 1095 γράφει
1625 1023 1715 1078 καὶ
1752 1028 1849 1079 πό-
1875 1046 1916 1077 10

154 1117 267 1176 λεις
307 1113 408 1167 οὐκ
448 1114 610 1177 εἰδὼς
652 1117 1030 1183 μετατίθησιν.
1105 1113 1287 1182 <116>
1325 1113 1358 1181 ἡ
1399 1111 1500 1181 μὲν
1540 1115 1644 1183 γὰρ
1678 1111 1851 1167 Ἰδου-

154 1204 287 1270 μαία
333 1209 428 1270 τῆς
474 1200 738 1272 ἡμετέρας
784 1204 965 1272 χώρας
1011 1201 1162 1255 ἐστὶν
1209 1201 1436 1272 ὅμορος,
1488 1203 1623 1254 κατὰ
1671 1203 1852 1266 Γάζαν

151 1288 406 1359 κειμένη,
452 1288 543 1343 καὶ
586 1297 757 1360 Δῶρα
804 1292 1006 1359 ταύτης
1052 1289 1204 1343 ἐστὶν
1248 1290 1481 1359 οὐδεμία
1526 1293 1708 1353 πόλις·
1756 1298 1852 1359 τῆς

153 1377 343 1447 μέντοι
379 1381 649 1446 Φοινίκης
686 1380 834 1447 παρὰ
866 1380 927 1432 τὸ
961 1380 1286 1448 Καρμήλιον
1321 1381 1450 1448 ὄρος
1481 1384 1655 1448 Δῶρα
1693 1381 1854 1442 πόλις

153 1467 495 1535 ὀνομάζεται,
520 1464 694 1536 μηδὲν
716 1466 1157 1521 ἐπικοινωνοῦσα
1180 1477 1295 1530 τοῖς
1312 1465 1580 1530 Ἀπίωνος
1603 1470 1851 1537 φλυαρή-
1876 1487 1919 1519 15
2009 1520 2014 1521 τ

152 1570 311 1623 μασι·
352 1556 628 1625 τεττάρων
666 1556 771 1626 γὰρ
810 1555 1030 1624 ἡμερῶν
1064 1556 1200 1610 ὁδὸν
1239 1563 1335 1625 τῆς
1366 1554 1682 1625 Ἰδουμαίας
1720 1554 1850 1626 ἀφέ-

153 1659 366 1713 στηκεν.
443 1645 625 1711 <117>
664 1648 723 1698 τί
763 1643 809 1697 δ’
842 1645 1000 1714 ἡμῶν
1041 1647 1120 1698 ἔτι
1167 1655 1466 1715 κατηγορεῖ
1506 1646 1568 1698 τὸ
1617 1645 1689 1713 μὴ
1737 1664 1852 1697 κοι-

150 1735 285 1795 νοὺς
333 1734 478 1802 ἔχειν
517 1742 634 1796 τοῖς
680 1734 869 1796 ἄλλοις
914 1735 1113 1802 θεούς,
1159 1736 1210 1787 εἰ
1247 1733 1455 1805 ῥᾳδίως
1494 1733 1670 1796 οὕτως
1709 1733 1852 1787 ἐπεί-

153 1827 372 1890 σθησαν
420 1822 478 1875 οἱ
523 1820 753 1893 πατέρες
802 1822 958 1892 ἡμῶν
1005 1822 1157 1891 ἥξειν
1203 1823 1301 1876 τὸν
1345 1819 1665 1876 Ἀπόλλωνα
1714 1825 1852 1891 πρὸς

151 1910 380 1978 αὐτούς,
429 1909 521 1964 καὶ
569 1912 701 1979 μετὰ
747 1920 860 1963 τῶν
899 1912 1117 1980 ἄστρων
1158 1909 1245 1963 ἐπὶ
1292 1919 1387 1979 τῆς
1434 1918 1534 1978 γῆς
1582 1906 1850 1981 ᾠήθησαν
1875 1930 1917 1962 20

146 1998 290 2067 ὁρᾶν
330 2000 501 2053 αὐτὸν
540 2007 975 2069 περιπατοῦντα;
1017 2000 1198 2068 <118>
1237 2000 1445 2069 λύχνον
1486 1999 1589 2070 γὰρ
1630 1998 1849 2053 οὐδέπω

152 2087 324 2155 δῆλον
378 2088 460 2141 ὅτι
515 2091 768 2158 πρόσθεν
817 2086 1128 2159 ἑωράκασιν
1176 2089 1233 2140 οἱ
1283 2088 1378 2150 τὰς
1433 2089 1703 2150 τοσαύτας
1757 2086 1849 2140 καὶ

149 2178 479 2244 τηλικαύτας
533 2179 863 2246 λυχνοκαΐας
923 2177 1314 2240 ἐπιτελοῦντες.
1407 2174 1526 2230 ἀλλ’
1574 2175 1713 2230 οὐδέ
1765 2196 1848 2239 τις

151 2264 299 2336 αὐτῷ
340 2266 618 2333 βαδίζοντι
658 2267 794 2319 κατὰ
832 2267 935 2334 τὴν
973 2267 1159 2336 χώραν
1195 2274 1307 2319 τῶν
1339 2266 1621 2318 τοσούτων
1653 2265 1849 2335 μυριά-

152 2354 267 2407 δων
306 2354 641 2424 ὑπήντησεν,
681 2357 855 2424 ἔρημα
897 2351 957 2407 δὲ
996 2352 1088 2407 καὶ
1128 2355 1192 2407 τὰ
1231 2357 1380 2424 τείχη
1419 2354 1687 2422 φυλάκων
1719 2350 1847 2423 εὗρε
1872 2371 1915 2404 25

149 2440 396 2511 πολέμου
437 2446 853 2512 συνεστηκότος.
923 2443 994 2497 ἐῶ
1035 2439 1231 2496 τᾶλλα·
1272 2443 1455 2511 <119>
1486 2450 1585 2496 τοῦ
1617 2449 1759 2495 ναοῦ
1792 2440 1844 2494 δ’

151 2532 213 2583 αἱ
257 2533 432 2600 θύραι
470 2534 533 2586 τὸ
574 2529 675 2601 μὲν
715 2532 858 2596 ὕψος
896 2528 1038 2601 ἦσαν
1079 2530 1344 2601 ἑξήκοντα
1385 2533 1625 2600 πήχεων,
1673 2535 1847 2584 εἴκοσι

152 2617 213 2672 δὲ
261 2621 321 2673 τὸ
369 2622 596 2689 πλάτος,
643 2620 979 2690 κατάχρυσοι
1018 2618 1079 2674 δὲ
1126 2628 1296 2673 πᾶσαι
1342 2618 1433 2673 καὶ
1481 2627 1682 2688 μικροῦ
1727 2620 1847 2671 δεῖν

153 2711 519 2778 σφυρήλατοι·
561 2710 759 2772 ταύτας
792 2712 1004 2763 ἔκλειον
1037 2709 1141 2763 οὐκ
1173 2708 1431 2771 ἐλάττους
1462 2710 1617 2770 ὄντες
1647 2708 1848 2778 ἄνδρες

153 2798 429 2850 διακόσιοι
490 2795 624 2851 καθ’
673 2795 908 2866 ἑκάστην
962 2797 1199 2867 ἡμέραν,
1261 2795 1354 2850 καὶ
1409 2798 1470 2849 τὸ
1524 2800 1846 2849 καταλιπεῖν
1870 2814 1915 2847 30

152 2883 502 2956 ἀνεῳγμένας
547 2882 617 2954 ἦν
665 2884 948 2954 ἀθέμιτον.
1034 2885 1215 2955 <12Ο>
1263 2885 1468 2957 ῥᾳδίως
1522 2880 1624 2938 οὖν
1679 2884 1847 2947 αὐτὰς

237 2964 281 3042 J
