2032 3128
684 93 898 140 ΛΟΓΟΣ
929 97 1250 139 ΠΡοΤΕΡοΣ
1705 93 1812 146 207

127 230 294 283 πάλιν
326 227 675 298 ἀνέστρεψεν.
737 230 916 297 <120>
957 227 1045 283 ἐπὶ
1083 231 1284 283 τούτου
1318 227 1384 282 δέ
1416 249 1499 292 τις
1529 224 1600 298 ἦν
1626 226 1820 298 Ἀβδή-

49 388 51 390 .
129 338 298 387 μονος
342 327 470 380 παῖς
514 318 806 387 νεώτερος,
854 318 914 382 ὃς
960 317 1044 371 ἀεὶ
1091 317 1245 372 ἐνίκα
1283 319 1436 371 λύων
1474 318 1540 371 τὰ
1579 319 1820 388 προβλή-

129 426 271 474 ματα
318 405 350 457 ἃ
397 404 654 459 ἐπέτασσε
694 408 970 476 Σολομὼν
1017 407 1045 460 6
1087 405 1488 478 Ἱεροσολύμων
1526 405 1818 476 βασιλεύς.’

243 495 424 562 (121)
485 497 774 564 ψηφίζεται
837 494 891 548 δ’
937 496 966 549 6
1028 499 1229 566 χρόνος
1290 495 1395 550 ἀπὸ
1457 497 1658 549 τούτου
1718 502 1819 548 τοῦ

84 606 104 638 5
130 580 395 651 βασιλέως
433 583 560 652 ἄχρι
591 591 686 652 τῆς
716 585 1080 654 Καρχηδόνος
1118 587 1343 646 κτίσεως
1375 583 1564 646 οὕτως.
1618 582 1821 636 ετελευ-

128 674 394 740 τήσαντος
425 672 689 740 Εἱρώμου
722 671 1001 736 διεδέξατο
1033 674 1135 741 τὴν
1166 674 1453 741 βασιλείαν
1475 672 1822 740 Βαλεάζαρος

130 759 159 813 6
198 761 339 827 υἱός,
362 759 439 823 ’ὃς
477 757 683 828 βιώσας
722 763 812 828 ἔτη
853 762 1262 830 τεσσαράκοντα
1299 763 1424 829 τριά
1465 760 1821 827 ἐβασίλευσεν

129 851 220 918 ἔτη
271 847 418 901 ἑπτά.
495 848 678 917 <122>
720 850 854 916 μετὰ
899 857 1100 903 τοῦτον
1139 844 1539 918 Ἀβδάστρατος
1578 849 1607 902 6
1647 848 1820 901 αὐτοῦ

128 938 249 999 υίὸς
295 938 500 1004 βιώσας
546 939 638 1005 ἔτη
687 943 861 991 εἴκοσι
908 937 1068 991 ἐννέα
1116 937 1472 1005 ἐβασίλευσεν
1511 940 1602 1006 ἔτη
1643 935 1821 989 ἐννέα.

63 1049 105 1081 10
129 1033 328 1078 τοῦτον
362 1025 420 1077 οἱ
453 1032 548 1092 τῆς
587 1033 799 1096 τροφοῦ
840 1025 1010 1079 αὐτοῦ
1049 1024 1166 1078 υἱοὶ
1203 1024 1462 1095 τέσσαρες
1501 1025 1824 1093 ἐπιβουλεύ-

130 1128 322 1176 σαντες
368 1112 678 1182 ἀπώλεσαν,
726 1109 803 1167 ὧν
844 1114 872 1167 6
919 1115 1289 1184 πρεσβύτερος
1334 1114 1689 1183 ἐβασίλευσεν
1731 1116 1821 1182 ἔτη
1877 1146 1890 1182 3

130 1202 357 1255 δώδεκα.
449 1200 578 1270 μεθ’
626 1202 724 1265 οὓς
778 1200 1079 1272 ’Ἀσταρτος
1140 1203 1168 1256 6
1223 1202 1701 1271 Δελαιαστάρτου,
1764 1203 1825 1266 ὃς

128 1291 335 1359 βιώσας
382 1293 474 1359 ε”τη
522 1294 863 1360 πεντήκοντα
907 1290 1145 1361 τέσσαρα
1186 1291 1542 1361 ἐβασίλευσεν
1580 1293 1671 1360 ἔτη
1718 1292 1823 1344 δώ-

131 1380 277 1432 δεκα.
355 1380 537 1448 <123>
577 1381 710 1449 μετὰ
749 1389 950 1434 τοῦτον
983 1380 1012 1434 ὁ
1049 1380 1288 1450 ἀδελφὸς
1320 1381 1492 1434 αὐτοῦ
1525 1378 1825 1449 Ἀσέρυμος

63 1492 105 1524 15
130 1469 338 1536 βιώσας
385 1471 475 1536 ἔτη
522 1467 760 1537 τέσσαρα
806 1468 896 1522 καὶ
942 1471 1284 1538 πεντήκοντα
1331 1468 1690 1538 ἐβασίλευσεν
1731 1471 1823 1536 ἔτη

131 1555 306 1610 ἐννέα.
369 1554 531 1620 οὗτος
569 1557 817 1611 ἀπώλετο
857 1558 964 1611 ὑπὸ
1004 1566 1104 1611 τοῦ
1145 1558 1393 1627 ἀδελφοῦ
1427 1557 1725 1627 Φέλλητος,
1766 1558 1827 1622 ὃς

130 1646 317 1715 λαβὼν
363 1646 464 1714 τὴν
510 1650 798 1715 βασιλείαν
844 1644 974 1716 ἦρξε
1028 1655 1204 1716 μῆνας
1254 1648 1419 1716 ὀκτώ,
1473 1649 1678 1715 βιώσας
1732 1649 1822 1716 ἔτη

129 1736 485 1802 πεντήκοντα.
549 1743 749 1789 τοῦτον
781 1734 999 1788 ἀνεῖλεν
1030 1736 1363 1804 Εἰθώβαλος
1403 1735 1432 1789 6
1472 1743 1568 1804 τῆς
1599 1733 1825 1804 Ἀστάρ-

129 1843 224 1892 της
265 1825 465 1893 ἱερεύς,
513 1823 574 1887 ὃς
612 1825 943 1892 βασιλεύσας
983 1827 1072 1892 ἔτη
1113 1825 1407 1895 τριάκοντα
1447 1825 1551 1877 δύο
1593 1823 1826 1892 ἐβίωσεν

14 1953 17 1956 -
63 1936 108 1967 20
132 1914 223 1979 ἔτη
264 1910 525 1981 ἑξήκοντα
565 1913 722 1966 ὀκτώ.
800 1913 982 1982 <124>
1020 1921 1221 1967 τοῦτον
1261 1912 1541 1978 διεδέξατο
1575 1913 1825 1977 Βαδέζω-

132 2021 229 2071 ρος
260 2002 419 2070 υἱός,
477 2002 536 2065 ὃς
582 2003 787 2071 βιώσας
834 2004 924 2071 ἔτη
972 2002 1381 2072 τεσσαράκοντα
1434 2001 1596 2055 πέντε
1644 2000 1826 2070 ἐβασί-

131 2094 329 2143 λευσεν
377 2094 468 2159 ε”τη
517 2090 588 2155 ἐξ.
664 2092 865 2144 τούτου
915 2092 1173 2160 διάδοχος
1217 2091 1410 2160 γέγονε
1450 2091 1749 2159 Μάττηνος
1795 2090 1825 2144 6

131 2178 275 2245 υἱός,
330 2178 391 2241 ὃς
437 2180 642 2247 βιώσας
687 2181 778 2246 ἔτη
835 2180 1130 2249 τριάκοντα
1178 2180 1281 2233 δύο
1328 2179 1687 2249 ἐβασίλευσεν
1735 2181 1825 2247 ε”τη

132 2266 306 2321 ἐννέα.
384 2268 566 2335 <125>
605 2269 805 2321 τούτου
846 2268 1104 2338 διάδοχος
1150 2267 1343 2337 γέγονε
1386 2271 1727 2337 Φυγμαλίων
1767 2268 1828 2330 ὃς

67 2380 109 2413 25
133 2357 338 2426 βιώσας
389 2357 479 2424 ἔτη
534 2358 875 2424 πεντήκοντα
921 2356 977 2421 ἓξ
1025 2356 1380 2425 ἐβασίλευσεν
1426 2359 1517 2426 ἔτη
1564 2357 1826 2426 τεσσαρά-

133 2464 301 2498 κοντα
334 2442 483 2497 ἑπτά.
545 2444 606 2498 ἐν
639 2443 700 2498 δὲ
730 2453 806 2518 τῷ
841 2444 924 2498 ἐπ’
951 2446 1124 2500 αὐτοῦ
1157 2444 1373 2519 ἑβδόμῳ
1407 2447 1515 2500 ἔτει
1546 2446 1579 2514 ἡ
1613 2446 1823 2514 ἀδελφὴ

135 2533 307 2586 αὐτοῦ
345 2543 603 2603 φυγοῦσα
643 2534 704 2587 ἐν
735 2542 800 2604 τῇ
833 2536 1019 2604 Λιβύῃ
1057 2537 1222 2588 πόλιν
1254 2530 1572 2606 ᾠκοδόμησε
1605 2538 1827 2605 Καρχη-

136 2623 310 2675 δόνα.’
362 2623 570 2691 (126)
618 2623 913 2691 συνάγεται
967 2625 1035 2693 δὴ
1089 2631 1196 2687 πᾶς
1241 2624 1270 2678 6
1317 2626 1517 2694 χρόνος
1571 2622 1677 2677 ἀπὸ
1731 2631 1827 2692 τῆς

134 2712 400 2786 Εἰρώμου
431 2714 713 2780 βασιλείας
742 2710 901 2782 μέχρι
933 2714 1296 2783 Καρχηδόνος
1325 2716 1551 2775 κτίσεως
1583 2714 1673 2780 ἔτη
1706 2708 1824 2783 ρνε’

8 2839 10 2841 -
68 2822 112 2854 30
136 2808 304 2869 μῆνες
345 2798 419 2870 η’.
499 2800 615 2854 ἐπεὶ
656 2798 717 2854 δὲ
758 2801 1051 2873 δωδεκάτῳ
1092 2803 1199 2855 ἔτει
1237 2808 1332 2870 τῆς
1370 2798 1632 2871 Εἱρώμου
1672 2804 1827 2870 βασι-

137 2892 285 2953 λείας
339 2889 367 2943 6
425 2889 484 2944 ἐν
530 2888 939 2961 Ἱεροσολύμοις
993 2888 1329 2963 ᾠκοδομήθη
1385 2892 1544 2959 ναός,
1596 2887 1827 2958 γέγονεν
