2032 3128
244 117 314 168 70
669 117 794 158 ΤΟΤ
823 117 1162 159 ΙΟΤΔΑΙΚΟΤ
1192 117 1498 159 ΠΟΛΕΜΟΥ

229 251 387 319 ὠμῶς
447 248 874 318 ἀπολλυμένων,
935 251 996 302 τὸ
1053 246 1114 302 δὲ
1167 248 1335 303 πλέον
1397 247 1596 303 ἑαυτοῦ
1656 253 1909 322 προνοίᾳ,

229 336 566 406 συγκαλέσας
616 340 746 401 τοὺς
805 338 1164 400 πιστοτάτους
1212 346 1323 391 τῶν
1376 335 1468 390 ὑπ’
1531 338 1698 391 αὐτὸν
1760 337 1909 407 δέκα,

227 425 409 494 <535>
456 424 640 496 “μέχρι
686 429 834 489 τίνος
881 425 1216 494 ἀνθέξομεν’
1272 427 1374 495 ἔφη
1438 426 1579 488 ςτοῑς
1623 435 1831 490 κακοῖς;
1874 425 1907 495 ἢ

226 517 380 577 τίνας
440 517 710 584 σωτηρίας
766 517 960 585 ἔχομεν
1017 515 1239 577 ἐλπίδας
1297 513 1480 568 πιστοὶ
1534 523 1756 586 πονηρῷ
1819 514 1910 583 με’-

225 621 440 667 νοντες;
496 602 679 672 <536>
721 603 821 672 οὐχ
861 604 890 657 6
931 600 1031 673 μὲν
1071 605 1227 672 λιμὸς
1264 604 1369 672 ἤδη
1409 602 1537 656 καθ’
1573 602 1754 672 ἡμῶν,
1785 601 1911 655 Ῥω-
1956 624 1978 659 5

225 701 378 760 μαΐοι
411 688 472 743 δὲ
503 692 650 761 παρὰ
681 694 880 760 μικρὸν
912 693 1095 760 ἔνδον,
1135 694 1330 761 Σίμων
1363 689 1424 744 δὲ
1460 689 1554 744 καὶ
1592 693 1728 761 πρὸς
1759 691 1911 760 εὐερ-

224 778 385 847 γέτας
416 781 659 848 ἄπιστος,
690 778 781 833 καὶ
814 779 939 843 δέος
971 777 1073 849 μὲν
1104 781 1209 848 ἤδη
1241 777 1371 849 παρ’
1415 779 1588 832 αὐτοῦ
1620 779 1911 848 κολάσεως,

225 867 259 935 ἡ
302 864 363 920 δὲ
401 869 547 938 παρὰ
578 858 862 938 Ῥωμαίοις
902 868 1051 932 δεξιὰ
1091 866 1334 937 βέβαιος;
1391 867 1572 937 <537>
1611 866 1772 938 φέρε,
1811 885 1912 921 πα-

226 957 489 1028 ραδόντες
534 958 596 1010 τὸ
643 966 821 1027 τεῖχος
867 957 1131 1025 σώσωμεν
1179 954 1409 1019 ἑαυτοὺς
1455 955 1544 1009 καὶ
1584 957 1684 1025 τὴν
1731 958 1911 1010 πόλιν.

223 1048 466 1097 πείσεται
508 1043 557 1098 δ’
596 1042 762 1099 οὐδὲν
803 1046 991 1099 δεινὸν
1031 1047 1243 1114 Σίμων,
1283 1044 1382 1098 ἐὰν
1422 1044 1749 1113 ἀπεγνωκὼς
1788 1043 1912 1098 ἐαυ-
1937 1069 1979 1100 ιο

222 1142 322 1186 τοῦ
361 1133 551 1204 τάχιον
593 1135 671 1206 δῷ
712 1133 908 1203 δίκην.’
986 1134 1170 1203 <538>
1215 1135 1431 1196 τούτοις
1476 1142 1587 1187 τῶν
1627 1131 1759 1187 δέκα
1797 1151 1912 1186 πει-

223 1222 495 1291 σθέντων,
533 1222 643 1276 ὑπὸ
675 1223 777 1291 τὴν
809 1222 880 1275 ἕω
913 1224 1043 1285 τοὺς
1075 1225 1302 1285 λοιποὺς
1324 1230 1434 1275 τῶν
1457 1220 1911 1290 ὑποτεταγμένων

222 1311 397 1363 ἄλλον
442 1310 710 1381 ἀλλαχόσε
760 1309 1085 1380 διέπεμψεν,
1134 1311 1207 1374 ὡς
1253 1311 1325 1379 μὴ
1374 1312 1663 1380 φωραθείη
1702 1329 1756 1363 τι
1801 1318 1912 1364 τῶν

220 1397 705 1468 βεβουλευμένων,
752 1399 918 1462 αὐτὸς
966 1396 1028 1452 δὲ
1074 1397 1200 1468 περὶ
1245 1402 1438 1468 τρίτην
1477 1399 1627 1468 ὥραν
1666 1398 1773 1453 ἀπὸ
1812 1406 1911 1463 τοῦ

220 1487 438 1555 πύργου
478 1490 607 1551 τοὺς
639 1486 936 1556 Ῥωμαίους
975 1487 1171 1541 ἐκάλει.
1249 1486 1433 1557 <539>
1475 1497 1587 1540 τῶν
1626 1485 1675 1540 δ’
1717 1490 1775 1541 οἳ
1809 1484 1911 1556 μὲν
1938 1508 1978 1557 15

220 1574 621 1644 ὑπερηφάνουν
660 1580 718 1630 οἳ
755 1574 804 1630 δ’
842 1577 1128 1646 ἠπίστουν,
1169 1577 1228 1630 οἰ
1260 1574 1458 1630 πολλοὶ
1499 1572 1550 1629 δ’
1588 1577 1806 1629 ὤκνουν
1839 1576 1913 1639 ὡς

220 1665 354 1731 μετὰ
393 1666 592 1735 μικρὸν
632 1665 946 1729 ἀκινδύνως
986 1668 1290 1735 ληψόμενοι
1335 1666 1435 1734 τὴν
1474 1667 1653 1718 πόλιν.
1731 1664 1913 1733 <54Ο>

222 1750 282 1805 ἐν
327 1752 438 1827 ὅσω
488 1751 550 1807 δὲ
596 1757 754 1818 Τίτος
804 1756 937 1824 μετὰ
984 1765 1095 1808 τῶν
1143 1754 1383 1808 ὁπλιτῶν
1429 1751 1629 1824 παρῄει
1675 1755 1812 1824 πρὸς
1850 1754 1911 1806 τὸ

219 1849 416 1910 τεῖχος,
457 1844 603 1912 ἔφθη
645 1846 815 1912 γνοὺς
854 1844 883 1898 6
924 1846 1139 1913 Σίμων,
1178 1841 1269 1896 καὶ
1308 1843 1442 1912 μετὰ
1479 1842 1679 1912 τάχους
1717 1844 1816 1895 τόν
1854 1861 1911 1895 τε

189 2004 192 2007 Ι
219 1930 437 1996 πύργον
469 1933 986 2003 προκαταλαμβάνει
1017 1930 1108 1986 καὶ
1131 1934 1262 1994 τοὺς
1285 1933 1493 2000 ἄνδρας
1524 1931 1819 2000 συλλαβὼν
1851 1930 1912 1984 ἐν
1936 1953 1980 1985 20

220 2019 346 2082 ὄψει
376 2028 487 2072 τῶν
512 2018 795 2090 Ῥωμαίων
826 2021 1060 2092 ἀναιρεῖ,
1099 2019 1190 2074 καὶ
1221 2022 1328 2091 πρὸ
1359 2029 1461 2074 τοῦ
1491 2023 1706 2091 τείχους
1736 2022 1913 2089 λωβη-

220 2107 455 2176 σάμενος
494 2111 682 2181 ἔρριψε
721 2112 788 2164 τὰ
828 2111 1066 2180 σώματα.

332 2197 515 2267 <541>
560 2198 665 2252 κάν
703 2201 880 2272 τούτω
919 2200 1151 2270 περιιὼν
1182 2197 1447 2268 Ἰώσηπος
1493 2196 1586 2270 (οὐ
1625 2198 1729 2268 γὰρ
1769 2196 1913 2250 ἀνίει

216 2284 579 2358 παρακαλῶν)
629 2287 887 2357 βάλλεται
933 2289 1035 2357 τὴν
1081 2289 1329 2358 κεφαλὴν
1375 2290 1552 2359 λίθω,
1602 2284 1690 2339 καὶ
1738 2303 1913 2354 παρα-

214 2381 397 2443 χρῆμα
444 2377 628 2428 πίπτει
675 2380 964 2446 καρωθείς.
1042 2376 1283 2447 ἐκδρομὴ
1333 2373 1383 2429 δ’
1421 2374 1511 2428 ἐπὶ
1550 2382 1626 2448 τῷ
1663 2375 1911 2442 πτώματι
1936 2394 1980 2427 25

215 2471 327 2514 τῶν
363 2457 654 2517 Ἰουδαίων
691 2467 958 2535 γίγνεται,
998 2464 1102 2518 κᾶν
1143 2468 1291 2535 ἔφθη
1334 2462 1520 2533 συρεὶς
1558 2465 1636 2526 είς
1672 2464 1775 2531 τὴν
1814 2464 1912 2515 πό-

215 2554 324 2619 λιν,
357 2553 409 2604 εἰ
438 2553 511 2621 μὴ
543 2551 747 2623 ταχέως
778 2556 996 2623 Καῖσαρ
1030 2556 1234 2623 ἔπεμψε
1266 2555 1396 2615 τοὺς
1426 2552 1912 2620 ὑπερασπίζοντας.

215 2639 401 2709 <542>
441 2641 770 2711 μαχομένων
811 2639 872 2695 δὲ
911 2644 1124 2696 τούτων
1172 2642 1201 2696 6
1235 2637 1495 2710 Ἰώσηπος
1541 2637 1642 2709 μὲν
1683 2645 1913 2708 αἴρεται,

163 2740 164 2766 ῑ
213 2730 394 2797 βραχὺ
433 2738 546 2782 τῶν
584 2729 977 2799 πραττομένων
1019 2730 1245 2799 ἐπαΐων,
1285 2730 1343 2783 oc
1379 2726 1700 2783 στασιασταὶ
1733 2726 1806 2796 δ’,
1839 2727 1913 2789 ὡς

215 2814 507 2880 ἀνελόντες
538 2817 605 2870 ὃν
638 2817 958 2887 ἐπεθύμουν
990 2819 1246 2888 μάλιστα,
1278 2817 1411 2887 μετὰ
1444 2824 1614 2886 χαρᾶς
1644 2814 1911 2885 ἀνεβόων.
1935 2835 1980 2869 30

212 2904 399 2974 <543>
443 2905 823 2975 διαγγέλλεται
864 2902 914 2960 δ’
953 2910 1031 2971 εἰς
1069 2909 1172 2977 τὴν
1211 2908 1395 2975 πόλιν,
1434 2903 1526 2958 καὶ
1565 2905 1626 2957 τὸ
1666 2908 1913 2957 καταλει-
