2032 3128
670 118 880 160 ΛΟΓΟΣ
911 118 1199 159 ΕΒΔοΜοΣ
1672 115 1774 166 131

97 252 231 303 κατὰ
270 238 443 319 μέσην
482 252 583 319 τὴν
621 253 892 321 πρότερον
931 250 1286 320 παρεμβολὴν
1325 254 1582 319 βήματος,
1622 269 1782 302 κατα-

97 340 226 400 στὰς
258 336 345 391 ἐπὶ
376 339 551 410 τούτῳ
584 340 717 407 μετὰ
748 349 859 392 τῶν
891 338 1179 407 ἡγεμόνων
1211 340 1290 400 εἰς
1330 337 1568 406 ἐπήκοον
1600 337 1782 408 ἁπάσῃ

94 434 158 495 τῇ
208 433 434 495 στρατιᾷ
482 427 631 494 ἔλεγε
678 427 839 495 χάριν
879 423 981 495 μὲν
1019 427 1230 493 πολλὴν
1270 428 1417 492 ἔχειν
1457 425 1644 487 αὐτοῖς
1690 434 1784 491 τῆς

93 516 229 582 πρὸς
260 513 430 565 αὐτὸν
461 513 701 580 εὐνοίας,
739 509 774 583 ᾗ
806 515 1080 582 χρώμενοι
1113 513 1480 576 διατελοῦσιν,
1513 512 1620 580 <7>
1654 509 1783 581 ἐπῄ-

48 624 69 656 5
96 621 180 654 νει
228 597 288 653 δὲ
334 607 429 668 τῆς
469 599 529 653 ἐν
567 599 732 654 παντὶ
780 598 904 672 (τῷ)
950 598 1169 672 πολέμῳ
1217 602 1567 669 πειθαρχίας,
1613 599 1684 668 ἣν
1724 599 1784 652 ἐν

92 693 318 751 πολλοῖς
371 686 463 741 καὶ
521 689 778 757 μεγάλοις
830 689 1116 750 κινδύνοις
1168 689 1280 756 ἅμα
1333 695 1397 757 τῇ
1451 689 1586 740 κατὰ
1642 695 1786 757 σφᾶς

92 777 323 848 ἀνδρείᾳ
368 775 664 846 παρέσχον,
711 784 776 845 τῇ
823 773 924 844 μὲν
969 777 1194 844 πατρίδι
1240 774 1330 828 καὶ
1378 774 1453 828 δι’
1492 776 1674 828 αὐτῶν
1720 779 1782 829 τὸ

90 865 288 933 κράτος
334 863 615 932 αὔξοντες,
662 865 907 933 φανερὸν
949 860 1010 916 δὲ
1056 870 1224 916 πᾶσιν
1265 863 1586 931 ἀνθρώποις
1622 869 1783 916 καθι-

92 953 319 1015 στάντες
358 952 442 1005 ὅτι
481 954 615 1020 μήτε
652 957 870 1019 πλῆθος
906 953 1186 1020 πολεμίων
1225 954 1358 1020 μήτε
1398 954 1617 1022 χωρίων
1658 951 1784 1021 ὀχυ-

23 1066 66 1096 10
91 1043 313 1110 ρότητες
351 1040 384 1109 ἢ
425 1038 635 1108 μεγέθη
673 1042 890 1093 πόλεων
930 1038 963 1108 ἢ
1003 1047 1113 1092 τῶν
1153 1038 1624 1108 ἀντιτεταγμένων
1656 1038 1784 1093 ἀλό-

89 1144 269 1197 γιστοι
322 1131 516 1198 τόλμαι
570 1127 662 1181 καὶ
706 1128 1008 1198 θηριώδεις
1053 1127 1371 1197 ἀγριότητες
1419 1125 1671 1181 δύναιντ’
1710 1129 1781 1180 ἄν

86 1236 217 1271 ποτε
264 1219 367 1286 τὴν
406 1215 686 1286 Ῥωμαίων
733 1216 934 1286 ἀρετὴν
975 1217 1289 1286 διαφυγεῖν,
1335 1215 1440 1269 κᾶν
1481 1218 1558 1279 εἰς
1602 1216 1781 1270 πολλά

86 1325 231 1368 τινες
261 1307 362 1374 τὴν
386 1307 559 1376 τύχην
584 1306 855 1376 εὕρωνται
888 1303 1422 1375 συναγωνιζομένην.
1471 1306 1578 1373 <8>
1607 1307 1779 1358 καλὸν

85 1391 187 1463 μὲν
227 1389 330 1447 οὖν
371 1396 475 1465 ἔφη
523 1393 615 1448 καὶ
660 1402 733 1466 τῷ
781 1393 1002 1466 πολέμῳ
1041 1392 1196 1456 τέλος
1242 1394 1445 1457 αὐτοὺς
1484 1393 1780 1462 ἐπιθεῖναι,

18 1506 61 1538 15
84 1485 270 1555 πολλῷ
302 1486 485 1556 χρόνῳ
518 1481 823 1556 γενομένῳ·
866 1481 1004 1551 μηδὲ
1036 1483 1141 1552 γὰρ
1173 1481 1450 1546 εὔξασθαί
1482 1502 1534 1535 τι
1565 1483 1777 1535 τούτων

83 1573 332 1640 ἄμεινον,
386 1570 467 1625 ὅτ’
511 1574 590 1635 εἰς
644 1571 814 1625 αὐτὸν
867 1573 1218 1624 καθίσταντο.
1295 1570 1403 1639 <9>
1456 1571 1657 1623 τούτου
1715 1567 1777 1623 δὲ

82 1661 310 1714 κάλλιον
356 1660 544 1724 αὐτοῖς
597 1659 688 1713 καὶ
736 1662 1118 1730 λαμπρότερον
1165 1659 1453 1729 ὑπάρχειν,
1508 1659 1592 1712 ὅτι
1647 1661 1778 1722 τοὺς

81 1747 460 1818 ἡγησομένους
496 1747 587 1802 καὶ
627 1756 722 1817 τῆς
750 1747 1033 1817 Ῥωμαίων
1072 1740 1243 1818 ἀρχῆς
1282 1748 1779 1817 ἐπιτροπεύσοντας

82 1838 265 1891 αὐτῶν
288 1838 799 1907 χειροτονησάντων
823 1842 901 1900 εἴς
932 1857 989 1890 τε
1020 1838 1122 1906 τὴν
1150 1838 1387 1908 πατρίδα
1418 1836 1778 1905 προπεμψάν-

10 1949 57 1980 ·2o
82 1947 208 1995 των,
256 1928 487 1995 ἄσμενοι
533 1926 732 1988 πάντες
777 1929 1120 1995 προσιένται,
1167 1924 1258 1977 καὶ
1305 1934 1419 1987 τοῖς
1465 1922 1564 1977 ὑπ’
1592 1924 1776 1977 αὐτῶν

81 2013 450 2084 ἐγνωσμένοις
491 2012 816 2084 ἐμμένουσι,
862 2014 1025 2083 χάριν
1065 2016 1283 2083 ἔχοντες
1321 2023 1435 2075 τοῖς
1478 2011 1776 2080 ἑλομένοις.

79 2105 225 2172 <10>
278 2104 587 2172 θαυμάζειν
642 2099 743 2171 μὲν
798 2099 902 2156 οὖν
956 2105 1061 2171 ἔφη
1124 2102 1332 2164 πάντας
1391 2099 1484 2154 καὶ
1539 2100 1777 2169 ἀγαπᾶν,

0 2243 6 2258 ,
79 2194 242 2255 εἰδὼς
296 2192 380 2245 ὅτι
435 2200 535 2245 τοῦ
590 2193 835 2244 δυνατοῦ
889 2192 989 2259 τὴν
1044 2194 1367 2261 προθυμίαν
1415 2187 1599 2252 οὐδεὶς
1653 2191 1777 2259 ε”σχε

78 2280 453 2350 βραδυτέραν·
509 2280 656 2348 <11>
708 2290 824 2343 τοῖς
878 2278 1068 2348 μέντοι
1116 2277 1583 2351 διαπρεπέστερον
1635 2277 1778 2346 ἀγω-

11 2391 53 2422 25
77 2368 396 2438 νισαμένοις
441 2368 549 2422 ὑπὸ
599 2368 786 2439 ῥώμης
831 2371 1113 2437 πλείονος,
1160 2366 1251 2420 καὶ
1298 2369 1397 2420 τὸν
1444 2364 1546 2436 μὲν
1593 2366 1778 2419 αὑτῶν

75 2461 202 2526 βίον
242 2457 542 2527 ἀριστείαις
588 2460 980 2526 κεκοσμηκόσι,
1026 2458 1128 2525 τὴν
1175 2453 1225 2508 δ’
1265 2455 1439 2508 αὐτοῦ
1486 2457 1778 2525 στρατείαν

77 2545 514 2616 ἐπιφανεστέραν
570 2547 662 2599 διὰ
725 2555 836 2598 τῶν
889 2545 1340 2615 κατορθωμάτων
1394 2545 1778 2611 πεποιηκόσιν,

77 2637 180 2704 ἔφη
221 2636 286 2699 τὰ
325 2633 459 2704 γέρα
498 2633 591 2688 καὶ
630 2635 727 2697 τὰς
765 2635 924 2703 τιμὰς
963 2634 1137 2696 εὐθὺς
1168 2632 1504 2701 ἀποδώσειν,
1543 2628 1636 2684 καὶ
1676 2651 1778 2700 μη-

77 2724 210 2785 δένα
241 2733 353 2776 τῶν
386 2723 557 2777 πλέον
588 2733 784 2776 πονεῖν
812 2721 1003 2792 ἐτέρου
1035 2722 1399 2792 θελησάντων
1430 2727 1525 2788 τῆς
1557 2721 1777 2782 δικαίας

9 2834 54 2866 30
79 2811 316 2881 ἀμοιβῆς
356 2811 789 2882 ἁμαρτήσεσθαι.
859 2811 1003 2880 (12)
1035 2813 1297 2879 πλείστην
1329 2810 1435 2879 γὰρ
1468 2801 1617 2879 αὐτῷ
1649 2807 1776 2861 τού-

75 2920 175 2953 του
215 2894 552 2969 γενήσεσθαι
590 2902 693 2969 τὴν
733 2899 1068 2970 ἐπιμέλειαν,
1108 2897 1226 2952 ἐπεὶ
1269 2897 1360 2952 καὶ
1400 2901 1611 2967 μᾶλλον
1653 2894 1776 2949 ἐθέ-

1447 2983 1505 3026 9⁷3²
