2032 3128
709 132 919 174 ΛΟΓΟΣ
951 131 1267 174 ΔΕΥΤΕΡΟΣ
1507 189 1509 191 ¹
1720 128 1788 180 27
1798 129 1825 179 1

148 267 382 327 οἰκείους
431 266 525 332 ζῆν
571 266 777 333 νόμους
815 266 951 318 ὥστε
992 266 1191 335 σχεδὸν
1231 265 1430 327 αὐτοὺς
1476 261 1597 318 οὐδ’
1630 270 1832 332 ἴσασιν,

148 350 265 405 ἀλλ’
299 353 431 405 ὅταν
471 351 836 422 ἐξαμάρτωσι,
880 356 1000 406 τότε
1047 351 1176 421 παρ’
1213 353 1396 406 ἄλλων
1443 351 1833 421 μανθάνουσιν

148 441 231 493 ὅτι
277 442 375 494 τὸν
420 443 597 509 νόμον
642 442 1104 510 παραβεβήκασιν.
1179 441 1361 509 <177>
1400 441 1459 494 οἵ
1498 461 1556 494 τε
1600 442 1695 503 τὰς
1740 459 1832 509 με-

148 532 334 596 γίστας
378 527 469 581 καὶ
514 530 850 599 κυριωτάτας
895 526 1022 596 παρ’
1054 529 1239 592 αὐτοῖς
1286 529 1454 600 ἀρχὰς
1493 530 1834 592 διοικοῦντες

102 641 122 673 5
148 617 480 686 ὁμολογοῦσι
511 618 611 685 τὴν
643 619 898 686 ἄγνοιαν·
935 618 1223 681 ἐπιστάτας
1253 618 1356 688 γὰρ
1387 620 1832 687 παρακαθίσταν-

145 725 233 758 ται
287 714 381 774 τῆς
438 715 548 759 τῶν
602 707 936 775 πραγμάτων
992 707 1310 775 οἰκονομίας
1366 708 1495 770 τοὺς
1549 705 1833 775 ἐμπειρίαν

147 797 292 863 ἔχειν
346 803 456 847 τῶν
509 796 696 862 νόμων
749 792 1238 863 ὑπισχνουμένους.
1322 795 1356 862 <
1370 794 1518 863 178>
1568 793 1725 863 ἡμῶν
1776 791 1826 846 δ’

147 883 406 936 ὁντινοῦν
444 902 527 945 τις
566 884 745 951 ἔροιτο
785 885 915 944 τοὺς
951 884 1184 950 νόμους,
1228 882 1368 953 ῥᾷον
1407 881 1476 935 ἂν
1515 887 1660 936 εἴποι
1698 882 1835 934 πάν·

145 991 242 1034 τας
280 970 314 1039 ἢ
353 971 598 1038 τοῦνομα
637 972 698 1024 τὸ
731 969 943 1024 ἑαυτοῦ.
999 977 1298 1039 τοιγαροῦν
1337 969 1443 1023 ἀπὸ
1485 980 1579 1040 τῆς
1616 971 1835 1040 πρώτης

79 1083 121 1115 10
146 1059 320 1122 εὐθὺς
380 1060 692 1126 αἰσθήσεως
754 1059 954 1122 αὐτοὺς
1015 1059 1459 1128 ἐκμανθάνοντες
1520 1062 1715 1129 ἔχομεν
1775 1058 1835 1112 ἐν

146 1157 265 1210 ταῖς
301 1156 504 1218 ψυχαῖς
543 1149 724 1218 ὥσπερ
766 1148 1293 1218 ἐγκεχαραγμένους,
1333 1148 1423 1201 καὶ
1464 1149 1695 1212 σπάνιος
1734 1145 1836 1218 μὲν

147 1236 176 1290 ὁ
207 1240 586 1306 παραβαίνων,
618 1236 892 1299 ἀδύνατος
924 1235 971 1289 δ’
1000 1237 1033 1304 ἡ
1065 1245 1160 1305 τῆς
1191 1237 1466 1300 κολάσεως
1495 1240 1835 1306 παραίτησις.

257 1325 440 1395 <179>
473 1333 636 1379 τοῦτο
668 1334 888 1394 πρῶτον
921 1324 1176 1378 ἁπάντων
1209 1326 1309 1394 τὴν
1344 1327 1675 1394 θαυμαστὴν
1709 1326 1836 1395 ὁμό-

147 1434 308 1467 νοιαν
351 1410 483 1482 ἡμῖν
531 1413 909 1482 ἐμπεποίηκεν.
984 1414 1045 1466 τὸ
1094 1415 1198 1484 γὰρ
1246 1417 1377 1482 μίαν
1417 1411 1519 1483 μὲν
1559 1416 1706 1483 ἔχειν
1746 1412 1836 1466 καὶ

85 1525 127 1557 15
151 1503 251 1570 τὴν
287 1501 460 1570 αὐτὴν
494 1500 661 1564 δόξαν
692 1499 817 1570 περὶ
848 1505 1008 1568 θεοῦ,
1048 1509 1122 1572 τῷ
1161 1503 1265 1574 βίῳ
1307 1498 1369 1554 δὲ
1407 1500 1498 1554 καὶ
1528 1511 1643 1564 τοῖς
1682 1504 1839 1555 ἔθεσι

151 1587 325 1659 μηδὲν
357 1589 612 1658 ἀλλήλων
646 1588 950 1660 διαφέρειν,
980 1593 1279 1659 καλλίστην
1310 1589 1372 1643 ἐν
1399 1591 1590 1643 ἔθεσιν
1618 1589 1839 1660 ἀνθρώ-

148 1698 270 1732 πων
318 1681 647 1748 συμφωνίαν
695 1677 960 1732 ἀποτελεῖ.
1038 1678 1220 1747 <18Ο>
1258 1676 1385 1747 παρ’
1420 1678 1551 1748 ἡμῖν
1579 1679 1703 1749 Ιγόερ
1743 1681 1840 1748 μό-

148 1788 267 1830 νοις
314 1767 440 1820 οὕτε
487 1765 613 1836 περὶ
659 1774 758 1820 τοῦ
796 1772 937 1820 θεοῦ
984 1770 1186 1835 λόγους
1225 1766 1521 1820 ἀκούσεταί
1556 1788 1638 1831 τις
1675 1767 1841 1835 ἀλλή-

149 1861 267 1919 λοις
312 1855 704 1924 ὑπεναντίους,
751 1855 913 1909 ὁποῖα
959 1857 1137 1909 πολλὰ
1175 1854 1304 1924 παρ’
1334 1854 1540 1927 ἑτέροις
1583 1855 1700 1910 οὐδ’
1732 1856 1840 1910 ὑπὸ

84 1969 126 2000 20
150 1955 262 1998 τῶν
300 1946 582 2014 τυχόντων
621 1947 798 2013 μόνον
829 1945 965 1998 κατὰ
1004 1947 1064 1998 τὸ
1096 1946 1413 2015 προσπεσὸν
1446 1943 1653 2018 ἑκάστῳ
1693 1943 1842 2013 λέγε-

150 2054 238 2086 ται
278 2033 476 2103 πάθος,
515 2033 654 2086 ἀλλὰ
693 2032 783 2086 καὶ
819 2034 965 2103 παρά
1004 2048 1115 2087 τισι
1146 2043 1258 2087 τῶν
1297 2037 1625 2103 φιλοσόφων
1657 2033 1842 2087 αὐτῶν

151 2125 502 2191 τετόλμηται,
547 2131 658 2175 τῶν
697 2119 799 2191 μὲν
838 2124 938 2191 τὴν
978 2122 1114 2192 ὅλην
1154 2131 1254 2176 τοῦ
1292 2128 1434 2176 θεοῦ
1474 2123 1647 2193 φύσιν
1687 2122 1843 2175 ἀναι-

152 2220 271 2279 ρεῖν
311 2219 425 2274 τοῖς
464 2213 650 2278 λόγοις
690 2210 1194 2282 ἐπικεχειρηκότων,
1237 2212 1422 2264 ἄλλων
1462 2208 1524 2265 δὲ
1562 2212 1665 2280 τὴν
1702 2208 1841 2282 ὑπὲρ

152 2299 469 2370 ἀνθρώπων
502 2299 675 2353 αὐτοῦ
710 2302 981 2369 πρόνοιαν
1014 2299 1464 2370 ἀφαιρουμένων·
1505 2300 1689 2369 <181>
1721 2295 1837 2354 οὔτ’

85 2411 128 2443 25
154 2387 212 2441 ἐν
245 2397 359 2451 τοῖς
391 2387 784 2458 ἐπιτηδεύμασι
815 2397 926 2441 τῶν
965 2391 1105 2457 βίων
1144 2390 1334 2454 ὄψεται
1369 2389 1665 2458 διαφοράν,
1704 2387 1843 2442 ἀλλὰ

151 2478 312 2530 κοινὰ
359 2474 460 2546 μὲν
507 2479 639 2547 ἔργα
685 2478 908 2530 πάντων
954 2472 1082 2547 παρ’
1121 2477 1272 2547 ἡμῖν,
1318 2471 1398 2541 εἷς
1445 2476 1494 2530 δ’
1534 2478 1563 2531 ὁ
1610 2479 1774 2545 λόγος
1814 2477 1842 2531 ὁ

151 2573 225 2637 τῷ
281 2568 435 2638 νόμω
490 2576 809 2636 συμφωνῶν
855 2564 981 2635 περὶ
1028 2571 1197 2635 θεοῦ,
1250 2567 1429 2620 πάντα
1476 2565 1655 2635 λέγων
1708 2565 1844 2619 ἐκεῖ-

151 2674 254 2708 νον
301 2654 526 2725 ἐφορᾶν.
607 2654 699 2708 καὶ
746 2656 855 2724 μὴν
904 2653 1028 2725 περὶ
1075 2664 1184 2708 τῶν
1230 2656 1365 2709 κατὰ
1410 2657 1508 2709 τὸν
1555 2657 1680 2724 βίον
1728 2652 1843 2707 ἐπι-

134 2744 508 2812 τηδευμάτων
563 2744 647 2797 ὅτι
710 2745 798 2797 δεῖ
851 2744 1028 2797 πάντα
1090 2739 1260 2798 τᾶλλα
1317 2747 1473 2807 τέλος
1534 2747 1680 2814 ἔχειν
1740 2743 1844 2811 τὴν

86 2855 129 2886 30
153 2831 464 2900 εὐσέβειαν,
519 2831 611 2886 καὶ
664 2842 946 2901 γυναικῶν
1001 2832 1287 2886 ἀκούσειεν
1338 2834 1407 2885 ἄν
1458 2853 1542 2895 τις
1591 2830 1683 2886 καὶ
1733 2841 1845 2884 τῶν

152 2924 396 2975 οἰκετῶν.

1872 1339 1925 1378 19
