2032 3128
683 90 894 132 ΛΟΓΟΣ
925 90 1226 132 ΠΕΜΠΤΟΣ
1723 88 1792 141 15

111 226 341 293 τείχους,
381 223 554 291 δῆμος
592 218 734 276 εἶναι
767 223 966 289 δοκῶν,
1006 224 1234 293 εἰρήνην
1270 222 1446 292 ἐβόων
1475 221 1566 276 καὶ
1605 222 1791 288 δεξιὰν

110 309 344 381 ᾑτοῦντο
394 308 485 363 καὶ
537 313 666 373 τοὺς
696 309 793 363 Ῥω
836 313 993 373 αίους
1033 309 1289 379 ἐκάλουν,
1343 311 1584 376 ἀνοίξειν
1630 312 1790 365 ὑπισ-

110 399 406 469 χνούμενοι
450 398 546 461 τὰς
583 331 833 469 πύλαςὶι
849 400 959 468 ἅμα
999 396 1060 451 δὲ
1098 407 1268 452 ταῦτα
1305 402 1650 469 κεκραγότες,
1699 398 1789 452 καὶ

109 489 238 549 τοὺς
283 485 583 555 σφετέρους
628 489 862 554 ἔβαλλον
908 490 1092 549 λίθοις
1130 487 1203 550 ὡς
1241 486 1642 550 ἀπελαύνοντες
1678 496 1790 541 τῶν

64 596 85 629 5
108 580 314 629 πυλῶν.
391 575 573 644 <112>
621 574 867 628 κάκεῖνοι
913 575 1200 645 βιάζεσθαι
1238 577 1332 638 τὰς
1370 578 1622 639 εἰσόδους
1659 577 1790 630 ὑπε-

107 666 365 732 κρίνοντο
412 662 503 716 καὶ
547 665 678 726 τοὺς
725 665 889 717 ἔνδον
939 665 1230 732 ἱκετεύειν,
1282 674 1523 735 συνεχῶς
1560 685 1617 718 τε
1655 668 1791 734 πρὸς

107 754 235 815 τοὺς
266 750 562 820 Ῥωμαίους
601 751 938 822 ὁρμήσαντες
976 752 1426 822 ἐπιστρεφόμενοι
1464 753 1790 823 ταραττομέ-

106 861 227 903 νοις
270 838 672 912 προσεῴκεσαν.
747 840 929 910 <113>
977 842 1125 911 παρὰ
1171 838 1271 910 μὲν
1319 837 1422 894 οὖν
1467 848 1582 904 τοῖς
1629 855 1790 909 στρα-

105 931 325 992 τιώταις
374 931 435 982 τὸ
485 937 808 998 πανοῦργον
858 929 1042 983 αὐτῶν
1092 930 1194 983 οὐκ
1245 929 1486 984 ἐλείπετο
1539 933 1788 997 πίστεως,

38 1038 82 1072 ιο
107 1016 227 1071 ἀλλ’
272 1019 346 1081 ὡς
399 1020 529 1080 τοὺς
581 1016 684 1088 μὲν
740 1019 800 1072 ἐν
853 1017 1042 1089 χερσὶν
1090 1021 1306 1089 ἔχοντες
1352 1017 1606 1088 ἑτοίμους
1654 1020 1791 1089 πρὸς

16 1175 18 1180 .
102 1110 388 1178 τιμωρίαν,
427 1111 556 1172 τοὺς
594 1105 650 1160 δ’
697 1107 938 1173 ἀνοίξειν
969 1109 1069 1176 τὴν
1100 1111 1265 1162 πόλιν
1297 1107 1620 1175 ἐλπίζοντες,
1661 1107 1790 1178 ἐχώ-

16 1187 23 1198 ”
104 1215 242 1266 ρουν
294 1194 383 1249 ἐπὶ
431 1198 533 1266 τὴν
582 1196 798 1267 πρᾶξιν.
875 1197 1057 1266 <114>
1114 1199 1254 1270 Τίτῳ
1307 1194 1368 1250 δὲ
1419 1194 1494 1249 δι’
1547 1196 1791 1260 ὑποψίας

102 1281 173 1353 ἦν
217 1287 280 1338 τὸ
326 1292 422 1354 τῆς
469 1285 802 1354 ἐπικλήσεως
847 1286 1191 1356 παράλογον·
1242 1285 1332 1339 καὶ
1371 1286 1476 1356 γὰρ
1515 1287 1623 1354 πρὸ
1663 1293 1790 1353 μιᾶς

101 1372 305 1444 ἡμέρας
350 1376 798 1444 προκαλούμενος
844 1375 1046 1437 αὐτοὺς
1091 1373 1181 1429 ἐπὶ
1221 1374 1519 1444 συμβάσεις
1558 1375 1651 1426 διὰ
1690 1381 1789 1427 τοῦ

35 1481 78 1514 15
98 1459 363 1531 Ἰωσήπου
403 1462 627 1532 μέτριον
667 1460 835 1518 οὐδὲν
875 1463 1119 1534 εὕρισκε,
1168 1461 1260 1516 καὶ
1300 1466 1421 1517 τότε
1459 1465 1589 1525 τοὺς
1629 1476 1789 1532 στρα-

100 1551 295 1613 τιώτας
346 1553 482 1604 κατὰ
535 1554 721 1622 χώραν
776 1551 963 1622 μένειν
1018 1551 1318 1605 ἐκέλευσεν.
1403 1552 1586 1621 <115>
1639 1551 1787 1621 φθά-

100 1654 265 1693 νουσι
313 1639 379 1693 δέ
424 1660 570 1703 τινες
622 1650 733 1694 τῶν
788 1639 876 1694 ἐπὶ
929 1650 1046 1703 τοῖς
1099 1643 1282 1712 ἔργοις
1333 1639 1788 1711 προτεταγμένων

101 1727 444 1799 ἁρπάσαντες
480 1730 547 1782 τὰ
588 1729 730 1783 ὅπλα
760 1732 897 1800 πρὸς
926 1731 1023 1793 τὰς
1052 1731 1228 1792 πύλας
1259 1729 1568 1799 ἐκδραμεῖν.
1607 1730 1789 1798 <116>

98 1819 314 1881 τούτοις
353 1819 412 1870 οἱ
445 1815 547 1887 μὲν
586 1817 954 1888 ἐκβεβλῆσθαι
987 1820 1283 1882 δοκοῦντες
1313 1820 1374 1872 τὸ
1406 1828 1628 1888 πρῶτον
1658 1817 1789 1870 ὑπε-

9 1925 78 1958 <20
99 1907 347 1976 χώρουν·
410 1905 528 1960 ἐπεὶ
582 1904 643 1960 δὲ
697 1906 896 1977 μεταξὺ
952 1918 1064 1961 τῶν
1115 1915 1212 1977 τῆς
1264 1909 1442 1976 πύλης
1503 1906 1788 1974 ἐγίγνοντο

97 1996 354 2064 πύργων,
401 1994 687 2059 ἐκθέοντες
735 1996 1067 2051 ἐκυκλοῦντο
1116 2004 1258 2067 σφᾶς
1294 1995 1385 2050 καὶ
1431 1994 1788 2065 προσέκειντο

97 2086 348 2137 κατόπιν·
389 2084 572 2154 <117>
611 2085 669 2138 oc
704 2082 752 2138 δ’
800 2085 906 2139 ἀπὸ
946 2095 1048 2139 τοῦ
1085 2089 1299 2156 τείχους
1335 2090 1551 2154 πλῆθος
1589 2084 1787 2153 χερμά-

98 2173 213 2225 δων
251 2171 343 2225 καὶ
383 2176 563 2241 βελῶν
601 2177 880 2227 παντοίων
921 2175 1141 2243 ἄθρουν
1179 2173 1466 2244 κατέχεαν,
1515 2175 1653 2227 ὥστε
1693 2188 1787 2226 συ-

96 2263 264 2330 χνοὺς
310 2258 411 2330 μὲν
460 2261 701 2331 ἀνελεῖν,
753 2272 959 2331 τρῶσαι
1007 2260 1068 2316 δὲ
1114 2267 1418 2326 πλείστους.
1494 2263 1676 2332 <118>
1715 2258 1788 2330 ἦν

32 2366 76 2400 25
98 2350 202 2419 γὰρ
255 2350 323 2402 οὐ
375 2349 574 2422 ῥᾴδιον
627 2359 728 2405 τοῦ
783 2355 998 2421 τείχους
1048 2354 1347 2422 διαφυγεῖν
1396 2361 1507 2405 τῶν
1555 2353 1787 2421 κατόπιν

93 2438 452 2508 βιαζομένων,
491 2438 584 2492 καὶ
625 2441 802 2503 ἄλλως
840 2441 1009 2503 αἰδὼς
1046 2448 1143 2509 τῆς
1182 2441 1505 2510 διαμαρτίας
1542 2438 1635 2493 καὶ
1674 2448 1786 2492 τῶν

93 2526 384 2596 ἡγεμόνων
433 2528 558 2591 δέος
603 2530 994 2597 παρεκελεύετο
1033 2536 1109 2601 τῷ
1150 2533 1446 2598 πταίσματι
1484 2533 1786 2599 προσλιπα-

94 2625 228 2685 ρεῖν.
303 2617 485 2687 <119>
525 2619 613 2672 διὸ
655 2620 724 2686 δὴ
766 2616 924 2689 μέχρι
963 2622 1223 2673 πλείστου
1257 2620 1786 2688 διαδορατιζόμενοι,

91 2702 183 2778 καὶ
231 2706 439 2768 πολλὰς
487 2706 595 2759 ὑπὸ
647 2716 759 2760 τῶν
800 2705 1087 2761 Ἰουδαίων
1133 2708 1508 2776 λαμβάνοντες
1556 2705 1786 2774 πληγάς,

23 2808 69 2843 30
93 2792 280 2862 ἀμέλει
350 2792 400 2847 δ’
469 2796 572 2849 οὐκ
640 2788 900 2859 ἐλάττους
960 2796 1358 2865 ἀντιδιδόντες,
1427 2794 1582 2859 τέλος
1643 2795 1786 2848 ἀνω-

90 2887 261 2935 θοῦσι
321 2886 451 2948 τοὺς
510 2883 985 2954 κυκλωσαμένους.
1073 2886 1428 2956 ὑποχωροῦσι
1484 2879 1538 2938 δ’
1598 2885 1786 2946 αὐτοῖς
