2032 3128
755 146 964 188 ΛΟΓΟΣ
995 146 1311 188 ΔΕΥΤΕΡΟΣ
1763 140 1870 193 277

197 284 352 331 λιστα
408 277 467 331 δὲ
523 289 817 346 γυναικῶν.
899 278 1095 346 <213>
1149 278 1292 332 οὕτω
1340 277 1388 330 δ’
1431 277 1734 347 ἡμερότητα
1785 275 1875 330 καὶ

197 371 626 436 φιλανθρωπίαν
674 368 814 435 ἡμᾶς
861 367 1184 420 ἐπαίδευσεν
1223 367 1296 428 ὡς
1342 363 1472 419 οὐδὲ
1512 375 1622 419 τῶν
1660 365 1876 432 ἀλόγων

200 454 348 528 ζῴων
404 456 781 523 ὠλιγώρησεν,
843 455 982 509 ἀλλὰ
1045 457 1221 523 μόνην
1282 451 1383 523 μὲν
1438 454 1612 523 ἀφῆκε
1667 455 1878 507 τούτων

196 552 391 613 χρῆσιν
431 545 532 612 τὴν
569 547 826 612 νόμιμον,
864 551 1045 596 πᾶσαν
1087 541 1138 595 δ’
1168 541 1359 610 ἑτέραν
1400 543 1686 596 ἐκώλυσεν.
1746 542 1779 595 ἃ
1821 539 1869 595 δ’

153 657 172 687 5
198 633 377 699 ὥσπερ
434 634 745 685 ἱκετεύοντα
806 632 1145 701 προσφεύγει
1199 640 1316 693 ταῖς
1369 633 1590 699 οἰκίαις,
1651 630 1879 683 ἀπεῖπεν

197 721 428 774 ἀνελεῖν.
506 718 637 774 οὐδὲ
687 729 928 783 νεοττοῖς
973 718 1229 788 ἐπέτρεψε
1275 721 1404 782 τοὺς
1455 718 1651 787 γονέας
1696 719 1879 772 αὐτῶν

197 811 557 879 συνεξαιρεῖν,
603 810 898 877 φείδεσθαι
946 804 1006 859 δὲ
1052 807 1155 860 κάν
1194 815 1258 877 τῇ
1302 811 1536 879 πολεμίᾳ
1574 817 1684 861 τῶν
1723 806 1880 876 ἐργα-

200 895 440 966 ζομένων
481 895 651 968 ζςόων,
690 896 779 948 καὶ
820 897 893 964 μὴ
931 896 1207 965 φονεύειν.
1275 895 1456 964 <214>
1499 895 1642 949 οὕτω
1681 914 1882 948 παντα-

196 989 367 1055 χόθεν
407 987 472 1038 τὰ
510 986 647 1050 πρὸς
687 984 979 1037 ἐπιείκειαν
1017 983 1429 1052 περιεσκέψατο,
1473 985 1885 1045 διδασκαλικοῖς

133 1098 174 1129 10
198 1071 298 1142 μὲν
338 1083 452 1136 τοῖς
489 1059 907 1141 προειρημένοις
944 1072 1286 1141 χρησάμενος
1319 1074 1531 1141 νόμοις,
1568 1075 1698 1135 τοὺς
1731 1070 1779 1124 δ’
1814 1068 1884 1125 αὗ

197 1163 332 1215 κατὰ
387 1171 496 1214 τῶν
549 1164 1008 1230 παραβαινόντων
1071 1164 1470 1231 τιμωρητικοὺς
1530 1160 1689 1224 τάξας
1750 1162 1884 1213 ἄνευ

196 1251 544 1319 προφάσεως·
599 1249 779 1316 <215>
823 1252 980 1318 ζημία
1027 1250 1130 1318 γὰρ
1171 1247 1258 1302 ε’πὶ
1297 1260 1411 1312 τοῖς
1455 1252 1732 1312 πλείστοις
1773 1259 1884 1302 τῶν

195 1341 655 1407 παραβαινόντων
712 1336 822 1390 ἐστὶ
878 1338 1147 1405 θάνατος,
1209 1337 1278 1390 ἂν
1339 1339 1602 1409 μοιχεύσῃ
1655 1358 1762 1406 τις,
1816 1337 1886 1391 ἂν

196 1428 452 1495 βιάσηται
500 1429 698 1495 κόρην,
753 1425 822 1479 ἂν
869 1427 1060 1495 ἄρρενι
1107 1428 1351 1497 τολμήσῃ
1398 1436 1594 1494 πεῖραν
1645 1425 1885 1495 προσφέ-

130 1540 171 1570 15
198 1536 335 1584 ρειν,
381 1515 449 1568 ἂν
492 1515 762 1583 ὑπομείνῃ
808 1520 1012 1567 παθεῖν
1053 1514 1081 1567 ὁ
1121 1519 1454 1583 πειρασθείς.
1533 1518 1646 1568 ἔστι
1695 1512 1758 1568 δὲ
1795 1513 1887 1568 καὶ

198 1603 285 1657 ἐπὶ
319 1605 541 1665 δούλοις
577 1603 781 1671 ὁμοίως
820 1603 849 1657 ὁ
883 1605 1053 1671 νόμος
1091 1602 1470 1671 ἀπαραίτητος.
1534 1603 1715 1671 <216>
1749 1602 1888 1656 ἀλλὰ

195 1692 285 1745 καὶ
324 1691 449 1761 περὶ
497 1692 712 1761 μέτρων
759 1697 815 1744 εἴ
853 1711 934 1754 τις
979 1693 1407 1759 κακουργήσειεν
1446 1692 1479 1760 ἢ
1521 1697 1805 1761 σταθμῶν,
1853 1691 1886 1760 ἢ

194 1780 319 1850 περὶ
365 1781 616 1850 πράσεως
664 1780 861 1833 ἀδίκου
908 1778 999 1832 καὶ
1048 1782 1194 1852 δόλῳ
1243 1780 1567 1850 γενομένης,
1613 1779 1717 1834 κᾶν
1755 1779 1886 1850 ὑφέ-

195 1873 360 1938 ληταί
399 1889 482 1932 τις
528 1867 850 1937 ἀλλότριον,
902 1867 1008 1921 κᾶν
1055 1867 1084 1921 ὃ
1132 1868 1204 1936 μὴ
1252 1868 1558 1935 κατέθηκεν
1608 1866 1887 1937 ἀνέληται·

129 1981 172 2012 20
196 1959 420 2011 πάντων
458 1956 566 2011 εἰσὶ
604 1957 884 2024 κολάσεις,
928 1957 1028 2025 οὐχ
1068 1950 1195 2010 οἷαι
1219 1955 1348 2025 παρ’
1382 1955 1611 2026 ἑτέροις,
1651 1955 1768 2010 ἀλλ’
1800 1955 1890 2010 ἐπὶ

195 2049 256 2100 τὸ
290 2049 489 2115 μεῖζον.
553 2046 734 2113 (217)
774 2043 900 2114 περὶ
939 2042 1040 2113 μὲν
1079 2046 1184 2115 γὰρ
1224 2043 1439 2113 γονέων
1478 2045 1694 2108 ἀδικίας
1727 2044 1762 2113 ἢ
1794 2053 1891 2114 τῆς

198 2137 276 2198 εἰς
313 2137 411 2188 τὸν
450 2137 590 2188 θεὸν
622 2134 889 2203 ἀσεβείας,
921 2133 1025 2187 κᾶν
1063 2137 1304 2203 μελλήσῃ
1341 2154 1440 2202 τις,
1479 2132 1690 2196 εὐθέως
1721 2133 1888 2188 ἀπόλ-

196 2228 369 2276 λυται.
438 2233 554 2286 τοῖς
591 2222 778 2292 μέντοι
818 2242 879 2290 γε
918 2223 1053 2275 κατὰ
1091 2225 1220 2285 τοὺς
1258 2225 1466 2291 νόμους
1507 2223 1685 2276 πάντα
1723 2223 1889 2291 πράτ-

198 2327 350 2365 τουσι
399 2313 459 2364 τὸ
507 2309 672 2379 γέρας
719 2309 868 2363 ἐστὶν
917 2311 1019 2363 οὐκ
1065 2311 1305 2379 ἄργυρος
1355 2309 1486 2364 οὐδὲ
1538 2313 1766 2381 χρυσός,
1821 2310 1890 2363 οὐ

130 2423 172 2454 25
197 2403 306 2468 μὴν
340 2397 471 2453 οὐδὲ
510 2403 735 2453 κοτίνου
775 2398 1047 2468 στέφανος
1084 2399 1116 2468 ἢ
1151 2403 1373 2453 σελίνου
1412 2398 1504 2453 καὶ
1542 2401 1768 2468 τοιαύτη
1808 2420 1890 2461 τις

198 2487 547 2558 ἀνακήρυξις,
586 2488 769 2556 <218>
809 2486 928 2541 ἀλλ’
961 2488 1124 2551 αὐτὸς
1163 2487 1387 2551 ἕκαστος
1426 2489 1571 2560 αὑτῷ
1605 2491 1667 2542 τὸ
1708 2502 1889 2541 συνει-

196 2579 291 2640 δὸς
334 2579 475 2647 ἔχων
528 2585 848 2647 μαρτυροῦν
889 2579 1236 2645 πεπίστευκε,
1290 2585 1390 2630 τοῦ
1437 2574 1537 2646 μὲν
1577 2575 1889 2646 νομοθέτου

194 2667 707 2734 προφητεύσαντος,
771 2673 871 2718 τοῦ
930 2662 991 2719 δὲ
1050 2671 1192 2720 θεοῦ
1253 2668 1354 2734 τὴν
1407 2670 1594 2720 πίστιν
1656 2667 1890 2736 ἰσχυρὰν

138 2772 141 2775 ·
195 2757 626 2824 παρεσχηκότος,
667 2754 751 2806 ὅτι
790 2762 904 2816 τοῖς
943 2756 1071 2817 τοὺς
1107 2757 1315 2824 νόμους
1354 2754 1748 2823 διαφυλάξασι,
1784 2754 1889 2807 κᾶν

126 2865 170 2896 30
195 2844 246 2895 εἰ
290 2842 406 2897 δέοι
452 2846 724 2911 θνήσκειν
770 2839 908 2912 ὑπὲρ
957 2842 1166 2910 αὐτῶν,
1220 2845 1522 2914 προθύμως
1572 2842 1890 2897 ἀποθανοῦ-

193 2947 283 2984 σιν
315 2934 520 2984 ἔδωκεν
553 2932 582 2984 ὁ
616 2933 751 2994 θεὸς
791 2931 1057 2999 γενέσθαι
1097 2950 1153 2984 τε
1189 2932 1357 2984 πάλιν
1397 2930 1488 2984 καὶ
1521 2935 1646 3000 βιόν
1683 2931 1889 3000 ἀμείνω

1915 1262 1972 1301 30
