2032 3128
717 87 928 129 ΛΟΓΟΣ
959 87 1259 128 ΠΕΜΠΤΟΣ
1742 84 1813 134 41

134 222 421 290 προθυμίᾳ
476 219 835 288 διεφάνησαν.
924 218 1106 287 <312>
1159 217 1625 289 παραταξαμένων
1678 227 1818 287 γοῦν

135 308 270 359 κατὰ
316 307 515 370 ταύτας
560 308 655 370 τὰς
700 306 903 377 ἡμέρας
948 316 1059 360 τῶν
1105 304 1390 360 Ἰουδαίων
1429 309 1536 376 πρὸ
1575 314 1674 360 τοῦ
1712 310 1818 360 τεί-

134 414 265 464 χους
303 402 546 467 καρτερῷ
587 399 784 465 στίφει,
825 394 914 448 καὶ
955 394 1448 464 διακοντιζομένων
1488 397 1566 448 ἔτι
1604 396 1818 465 πόρρω-

132 488 237 535 θεν
270 492 380 535 τῶν
413 484 702 552 ταγμάτων
736 482 1027 554 ἑκατέρων,
1057 486 1334 551 Λογγῖνός
1364 502 1446 545 τις
1469 492 1579 536 τῶν
1609 482 1817 536 ἱππέων

87 592 107 624 5
134 570 491 640 ἐξαλλόμενος
545 579 642 640 τῆς
689 570 983 641 Ῥωμαῖκῆς
1040 571 1240 635 τάξεως
1294 571 1510 642 ἐμπηδᾷ
1563 571 1699 642 μέσῃ
1753 579 1816 641 τῇ

133 669 243 712 τῶν
285 657 570 712 Ἰουδαίων
617 661 888 729 φάλαγγι,
943 661 1124 727 (313)
1164 658 1255 712 καὶ
1298 658 1817 713 διασκεδασθέντων

132 749 269 816 πρὸς
321 749 424 816 τὴν
479 747 718 817 ἐμβολὴν
774 751 877 802 δύο
932 751 1061 811 τοὺς
1113 749 1537 816 γενναιοτάτους
1586 748 1818 818 ἀναιρεῖ,

131 838 229 890 τὸν
284 835 385 906 μὲν
438 837 573 889 κατὰ
628 839 801 906 στόμα
854 836 1059 906 πλήξας
1111 837 1551 904 ὑπαντιάσαντα,
1613 838 1711 890 τὸν
1763 832 1812 889 δ’

132 925 452 995 ἀνασπάσας
500 924 559 978 ἐκ
609 933 709 979 τοῦ
762 925 1035 996 προτέρου
1080 928 1141 979 τὸ
1198 926 1335 995 δόρυ
1389 926 1524 978 κατὰ
1573 926 1818 993 πλευρὰν

64 1035 108 1067 10
133 1015 401 1083 διαπείρει
462 1017 837 1085 τραπόμενον,
899 1013 959 1067 ἐκ
1020 1013 1203 1084 μέσων
1257 1034 1314 1067 τε
1367 1023 1479 1067 τῶν
1538 1016 1819 1082 πολεμίων

131 1103 370 1170 ἄτρωτος
421 1104 499 1165 εἰς
548 1105 679 1166 τοὺς
729 1101 1028 1172 σφετέρους
1078 1105 1329 1171 ἔδραμεν.
1407 1102 1587 1170 <314>
1638 1101 1667 1154 ὃ
1718 1099 1818 1170 μὲν

130 1187 233 1244 οὖν
274 1189 345 1244 δι’
387 1190 587 1262 ἀρετὴν
627 1190 889 1260 ἐπίσημος
926 1187 1016 1260 ἧν,
1057 1190 1287 1261 ζηλωταὶ
1328 1189 1389 1244 δὲ
1427 1198 1523 1259 τῆς
1563 1190 1819 1260 ἀνδρείας

130 1281 414 1348 ἐγίγνοντο
468 1282 679 1333 πολλοί.
758 1280 940 1350 <315>
987 1280 1078 1333 καὶ
1130 1282 1189 1333 oc
1234 1276 1496 1333 Ἰουδαῖοι
1545 1276 1645 1348 μὲν
1693 1278 1818 1348 ἀμε-

128 1372 356 1431 λοῦντες
401 1378 502 1423 τοῦ
547 1375 752 1422 παθεῖν
799 1371 861 1422 τὸ
908 1371 1190 1423 διαθεῖναι
1230 1372 1406 1438 μόνον
1446 1367 1747 1436 ἐσκόπουν,
1787 1368 1816 1420 ὅ

63 1478 105 1510 15
129 1476 184 1510 τε
216 1457 462 1520 θάνατος
493 1458 679 1521 αὐτοῖς
713 1458 894 1512 ἐδόκει
925 1461 1266 1528 κουφότατος
1297 1460 1349 1511 εί
1377 1458 1509 1526 μετὰ
1548 1464 1648 1510 τοῦ
1680 1466 1820 1509 κτεῖ-

129 1549 227 1598 ναί
263 1566 384 1599 τινα
422 1555 534 1600 τῶν
571 1550 853 1616 πολεμίων
891 1546 1219 1616 προσπέσοι·
1275 1546 1459 1615 <316>
1499 1548 1717 1615 Καῖσαρ
1760 1542 1819 1597 δὲ

128 1642 222 1702 τῆς
260 1645 371 1688 τῶν
412 1645 760 1705 στρατιωτῶν
801 1635 1100 1705 ἀσφαλείας
1131 1636 1232 1706 οὐχ
1264 1631 1429 1704 ἧττον
1468 1643 1567 1688 τοῦ
1599 1643 1820 1702 κρατεῖν

127 1725 418 1793 προυνόει,
467 1722 558 1777 καὶ
605 1726 708 1793 τὴν
753 1722 854 1794 μὲν
894 1724 1292 1795 ἀπερίσκεπτον
1333 1725 1510 1793 ὁρμὴν
1550 1723 1819 1776 ἀπόνοιαν

128 1811 332 1881 λέγων,
383 1815 561 1881 μόνην
609 1811 658 1866 δ’
706 1813 907 1883 ἀρετὴν
953 1815 1055 1883 τὴν
1103 1814 1236 1883 μετὰ
1282 1816 1547 1883 προνοίας
1593 1809 1683 1864 καὶ
1722 1818 1821 1864 τοῦ

11 1933 16 1936 -
61 1922 103 1953 20
127 1898 301 1969 μηδὲν
340 1903 439 1954 τὸν
478 1903 697 1971 δρῶντα
727 1908 949 1971 παθεῖν,
989 1902 1049 1955 ἐν
1081 1901 1363 1973 ἀκινδύνῳ
1395 1909 1470 1973 τῷ
1510 1901 1648 1954 κατὰ
1680 1906 1822 1969 σφᾶς

127 1988 379 2043 ἐκέλευεν
418 1989 790 2060 ἀνδρίζεσθαι.

238 2078 419 2147 <317>
466 2080 732 2150 προσάγει
780 2079 829 2132 δ’
875 2081 1040 2144 αὐτὸς
1078 2089 1178 2135 τοῦ
1226 2082 1451 2150 βορείου
1490 2081 1706 2147 τείχους
1743 2084 1818 2150 τῷ

127 2165 274 2239 μέσῳ
325 2168 518 2238 πύργῳ
572 2168 674 2236 τὴν
726 2166 1008 2238 ἑλέπολιν,
1061 2168 1121 2222 ἐν
1169 2163 1211 2241 ᾧ
1259 2178 1372 2222 τῶν
1412 2166 1702 2222 Ἰουδαίων
1739 2187 1821 2228 τις

126 2253 267 2325 ἀνὴρ
322 2258 456 2324 γόης
510 2258 684 2326 ὄνομα
732 2257 966 2326 Κάστωρ
1023 2257 1185 2328 ἐλόχα
1233 2254 1359 2327 μεθ’
1414 2258 1623 2326 ὁμοίων
1670 2254 1819 2322 δέκα,

60 2364 102 2397 25
125 2353 236 2396 τῶν
275 2349 488 2397 λοιπῶν
527 2348 827 2415 φυγόντων
866 2347 959 2399 διὰ
997 2349 1128 2410 τοὺς
1165 2346 1404 2411 τοξότας.
1451 2346 1635 2414 <318>
1666 2341 1821 2398 οὗτοι

128 2430 286 2502 μέχρι
325 2432 427 2502 μέν
465 2453 618 2497 τινος
662 2435 1023 2505 ὑπεπτηχότες
1053 2445 1168 2499 τοῖς
1196 2438 1528 2506 θωρακείοις
1558 2433 1821 2503 ἠρέμουν,

129 2519 507 2590 σαλευομένου
548 2519 609 2575 δὲ
649 2531 750 2576 τοῦ
787 2524 1006 2593 πύργου
1047 2524 1446 2591 διανίστανται,
1484 2521 1577 2576 καὶ
1607 2524 1822 2588 προτεί-

124 2628 224 2671 νας
263 2609 293 2662 ὁ
332 2610 570 2682 Κάστωρ
617 2612 713 2674 τὰς
758 2620 944 2681 χεῖρας
991 2612 1064 2675 ὡς
1112 2613 1372 2665 ἱκετεύων
1424 2613 1602 2681 δῆθεν
1642 2610 1823 2664 ἐκάλει

125 2700 223 2768 τὸν
269 2701 553 2769 Καίσαρα,
606 2699 699 2753 καὶ
753 2708 818 2770 τῇ
865 2707 1026 2770 φωνῇ
1076 2703 1550 2769 κατοικτιζόμενος
1604 2698 1823 2768 ἐλεῆσαι

58 2807 102 2839 30
128 2794 272 2854 σφᾶς
310 2789 619 2856 παρεκάλει.
696 2790 880 2859 <319>
923 2791 1219 2852 πιστεύσας
1260 2787 1308 2842 δ’
1358 2788 1411 2853 ἐξ
1452 2788 1753 2856 ἁπλότητος
1792 2787 1821 2840 ὁ

133 2877 320 2944 Τίτος,
382 2876 474 2930 καὶ
529 2887 818 2947 μετανοεῖν
872 2879 979 2948 ἤδη
1041 2864 1823 2945 τοὺςέἸουδαίους-κ-ἐλπίσας,
