2032 3128
724 113 934 154 ΛΟΓΟΣ
966 112 1166 153 ΕΚΤΟΣ
1684 107 1787 158 123

103 241 192 295 καὶ
233 244 508 311 ὀλιγότητι
547 253 657 296 τῶν
691 243 1037 313 ὠνουμένων.
1101 244 1283 312 <385>
1321 247 1514 313 καίπερ
1555 240 1616 296 δὲ
1655 261 1788 311 προ-

101 330 337 400 κηρύξας
368 331 579 400 μηδένα
610 334 786 400 μόνον
810 333 1156 401 αὐτομολεῖν,
1189 332 1336 394 ὅπως
1359 330 1568 394 καὶτὰς
1599 331 1790 399 γενεὰς

101 418 436 486 ἐξαγάγοιεν,
483 419 630 488 ὅμως
672 419 762 472 καὶ
803 422 1033 482 τούτους
1071 419 1313 489 ἐδέχετο·
1363 419 1622 488 ἐπέστησε
1663 417 1789 486 μέν-

99 526 184 560 τοι
215 509 345 569 τοὺς
378 508 800 575 διακρινοῦντας
834 506 927 560 ἀπ’
952 509 1155 574 αὐτῶν,
1196 512 1251 559 εἴ
1281 526 1362 568 τις
1400 512 1482 574 εἴη
1516 506 1790 567 κολάσεως

53 616 77 652 5
101 594 263 658 ἄξιος.
340 594 524 663 <386>
571 593 662 647 καὶ
709 605 820 647 τῶν
866 593 966 663 μὲν
1007 594 1513 663 ἀπεμποληθέντων
1559 595 1790 662 ἄπειρον

100 685 160 736 τὸ
191 687 408 751 πλῆθος
437 679 528 751 ἦν,
561 684 619 735 οἱ
646 682 932 751 δημοτικοὶ
966 680 1026 735 δὲ
1060 683 1411 751 διεσώθησαν
1434 678 1572 750 ὑπὲρ
1605 701 1790 749 τετρα-

98 774 449 840 κισμυρίους,
497 771 595 832 οὓς
636 772 870 839 διαφῆκε
910 774 1127 837 Καῖσαρ
1175 764 1211 841 ᾗ
1250 774 1418 840 φίλον
1455 767 1527 838 ἦν
1567 768 1788 840 ἑκάστῳ.

213 859 396 927 <387>
437 858 496 911 ἐν
537 855 598 911 δὲ
645 869 763 920 ταῖς
808 859 999 922 αὐταῖς
1045 857 1272 928 ἡμέραις
1317 857 1406 911 καὶ
1445 868 1558 911 τῶν
1598 857 1790 925 ἱερέων

97 967 201 1015 τις,
243 945 492 1015 Θεβουθὶ
537 955 688 1015 παῖς,
728 946 941 1014 Ἰησοῦς
980 949 1182 1015 ὄνομα,
1230 947 1416 1015 λαβὼν
1453 944 1578 1015 περὶ
1619 959 1791 1013 σωτη-

33 1057 75 1088 10
99 1038 220 1104 ρίας
273 1036 472 1105 ὅρκους
525 1036 672 1104 παρὰ
727 1038 1006 1105 Καίσαρος
1063 1033 1149 1103 ἐφ’
1198 1030 1241 1107 ᾧ
1298 1036 1614 1105 παραδώσει
1667 1035 1790 1086 τινὰ

97 1132 208 1175 τῶν
248 1123 413 1191 ἱερῶν
451 1126 770 1192 κειμηλίων,
817 1122 1008 1191 ἔξεισι,
1057 1125 1240 1193 <388>
1279 1122 1370 1176 καὶ
1409 1124 1792 1193 παραδίδωσιν

99 1210 204 1264 ἀπὸ
243 1219 343 1264 τοῦ
382 1215 572 1282 τοίχου
612 1220 713 1265 τοῦ
751 1220 892 1265 ναοῦ
932 1216 1159 1283 λυχνίας
1207 1214 1309 1265 δύο
1349 1221 1467 1274 ταῖς
1511 1211 1646 1264 κατὰ
1692 1212 1791 1264 τὸν

96 1301 236 1353 ναὸν
276 1299 552 1368 κειμέναις
598 1303 1005 1369 παραπλησίας,
1054 1300 1317 1369 τραπέζας
1354 1319 1410 1353 τε
1460 1298 1548 1352 καὶ
1596 1306 1791 1368 κρατῆ-

97 1408 198 1457 ρας
252 1387 343 1440 καὶ
397 1389 622 1457 φιάλας,
682 1387 856 1442 πάνθ’
909 1389 1184 1459 ὁλόχρυσα
1239 1387 1330 1442 καὶ
1387 1389 1790 1457 στιβαρώτατα·

28 1497 72 1530 15
97 1476 278 1543 <389>
324 1478 673 1547 παραδίδωσι
721 1474 782 1530 δὲ
833 1476 924 1530 καὶ
970 1479 1034 1530 τὰ
1082 1478 1534 1545 καταπετάσματα
1587 1475 1679 1529 καὶ
1725 1478 1792 1529 τὰ

98 1564 376 1633 ἐνδύματα
420 1575 532 1619 τῶν
570 1565 873 1635 ἀρχιερέων
914 1569 1019 1619 σὺν
1058 1575 1173 1628 τοῖς
1220 1569 1429 1633 λίθοις,
1476 1564 1567 1618 καὶ
1614 1566 1792 1625 πολλὰ

94 1662 206 1706 τῶν
253 1655 391 1723 πρὸς
435 1654 530 1717 τὰς
579 1655 893 1724 ἱερουργίας
940 1665 1152 1707 σκευῶν
1200 1657 1354 1706 ἄλλα.
1434 1653 1615 1722 <390>
1662 1657 1793 1706 συλ-

95 1739 332 1811 ληφθεὶς
371 1738 433 1794 δὲ
479 1741 572 1795 καὶ
613 1743 642 1796 ὁ
684 1742 996 1812 γαζοφύλαξ
1036 1751 1135 1795 τοῦ
1178 1743 1330 1808 ίεροῦ
1373 1742 1577 1805 Φινέας
1616 1745 1794 1811 ὄνομα

94 1831 223 1893 τούς
268 1849 325 1883 τε
371 1840 605 1900 χιτῶνας
650 1833 740 1884 καὶ
787 1832 882 1894 τὰς
931 1833 1103 1895 ζώνας
1151 1830 1389 1894 ἐπέδειξε
1428 1840 1540 1883 τῶν
1582 1829 1792 1900 ἱερέων,

10 1931 73 1973 ‘20
95 1919 393 1988 πορφύραν
439 1939 496 1971 τε
542 1921 756 1988 πολλὴν
803 1918 891 1973 καὶ
941 1922 1160 1987 κόκκον,
1190 1919 1242 1972 ἃ
1287 1921 1424 1988 πρὸς
1468 1921 1565 1983 τὰς
1609 1923 1794 1989 χρείας

95 2005 347 2059 ἀπέκειτο
387 2015 488 2060 τοῦ
526 2008 1029 2077 καταπετάσματος,
1070 2010 1175 2061 σὺν
1216 2001 1299 2070 οἷς
1336 2009 1697 2077 κιννάμωμόν
1735 2027 1794 2060 τε

94 2098 237 2148 πολὺ
293 2093 386 2148 καὶ
439 2100 672 2149 κασσίαν
721 2096 811 2150 καὶ
866 2101 1083 2165 πλῆθος
1139 2095 1340 2164 ἑτέρων
1387 2095 1714 2167 ἀρωμάτων,
1759 2096 1795 2149 ἃ

97 2186 500 2251 συμμίσγοντες
532 2184 785 2253 ἐθυμίων
818 2183 1084 2253 ὁσημέραι
1115 2192 1190 2255 τῷ
1223 2190 1357 2254 θεῷ.
1416 2184 1597 2253 (391)
1628 2203 1795 2254 παρε-

96 2273 242 2340 δόθη
292 2270 342 2325 δ’
381 2270 477 2324 ὑπ’
518 2273 690 2327 αὐτοῦ
737 2274 915 2326 πολλὰ
960 2271 1052 2326 καὶ
1100 2283 1211 2326 τῶν
1251 2274 1437 2326 ἄλλων
1475 2276 1794 2342 κειμηλίων,

25 2383 71 2414 25
93 2363 297 2430 κόσμος
335 2360 394 2414 θ’
430 2363 574 2431 ἱερὸς
614 2361 716 2415 οὐκ
756 2362 968 2429 ὀλίγος,
1017 2362 1154 2430 ἅπερ
1196 2361 1344 2432 αὐτῷ
1386 2363 1482 2433 βία
1520 2360 1795 2430 ληφθέντι

93 2451 194 2519 τὴν
233 2459 344 2503 τῶν
384 2450 711 2519 αὐτομόλων
752 2451 1092 2519 συγγνώμην
1131 2451 1316 2503 ἔδωκε.

204 2538 384 2607 <392>
425 2538 936 2607 συντετελεσμένων
985 2535 1035 2591 δ’
1074 2540 1181 2607 ἤδη
1230 2536 1321 2591 καὶ
1369 2548 1480 2592 τῶν
1525 2537 1795 2608 χωμάτων

95 2624 303 2698 ἕβδόμῃ
373 2630 681 2697 Γορπιαίου
752 2628 925 2696 μηνὸς
995 2627 1057 2681 ἐν
1127 2626 1497 2680 ὀκτωκαίδεκα
1568 2625 1797 2695 ἡμέραις

87 2713 341 2783 Ῥωμαῖοι
389 2713 490 2785 μὲν
530 2723 816 2785 προσῆγον
854 2716 950 2778 τὰς
995 2715 1268 2786 μηχανάς,
1316 2725 1429 2768 τῶν
1470 2711 1531 2767 δὲ
1575 2729 1797 2767 στασια-

24 2824 70 2856 30
95 2813 240 2857 στῶν
281 2807 339 2857 οἳ
373 2804 495 2874 μέν,
542 2805 918 2873 ἀπεγνωκότες
955 2805 1063 2873 ἤδη
1104 2805 1205 2873 τὴν
1244 2806 1428 2872 πόλιν,
1475 2803 1798 2873 ἀνεχώρουν

94 2900 195 2946 τοῦ
242 2896 457 2963 τείχους
511 2895 589 2956 είς
637 2894 740 2961 τὴν
787 2894 981 2962 ἄκραν,
1038 2896 1095 2946 οἳ
1147 2889 1196 2945 δ’
1238 2891 1635 2960 ἐγκατεδύοντο
1682 2901 1800 2954 τοῖς
