2032 3128
200 100 270 152 28
619 102 744 143 ΤΟΤ
774 101 1114 144 ΙΟΤΔΑΙΚΟΤ
1145 102 1452 144 HOAEMOT

200 243 265 304 τῇ
318 235 579 305 πορφύρᾳ
631 235 732 302 τὴν
786 235 1093 303 θάλατταν,
1147 243 1257 287 τῶν
1311 232 1412 304 μὲν
1458 234 1517 288 ἐκ
1569 242 1664 304 τῆς
1716 237 1881 305 χρόας

162 335 165 338 ’
202 321 600 392 ὁμοιουμένων,
654 330 749 391 τῆς
795 319 855 376 δὲ
909 324 1121 391 βύσσου
1175 321 1266 375 καὶ
1311 331 1406 392 τῆς
1456 324 1744 393 πορφύρας
1789 323 1881 375 διὰ

202 412 302 479 τὴν
341 409 578 478 γένεσιν,
619 410 805 478 ἐπειδὴ
845 412 947 479 τὴν
987 408 1088 479 μὲν
1127 409 1467 465 ἀναδίδωσιν
1505 411 1538 479 ἡ
1578 418 1646 479 γῆ
1686 411 1787 479 τὴν
1826 408 1877 463 δ’

201 498 234 565 ἡ
282 499 543 551 θάλαττα.
619 499 798 568 <214>
840 498 1241 567 κατεγέγραπτο
1289 497 1336 552 δ’
1378 500 1407 553 ὁ
1453 499 1655 562 πέπλος
1699 506 1884 552 πᾶσαν

201 587 302 654 τὴν
342 586 607 657 οὐράνιον
644 589 910 655 θεωρίαν,
948 589 1093 655 πλὴν
1132 596 1243 639 τῶν
1285 589 1508 660 ζῳδίων.
1928 609 1950 643 5

313 673 494 743 (215)
546 678 845 744 παριόντας
899 673 953 728 δ’
991 681 1120 728 εἴσω
1175 677 1236 728 τὸ
1284 675 1544 729 ἐπίπεδον
1593 681 1692 728 τοῦ
1745 684 1886 729 ναοῦ

202 761 368 831 μέρος
408 763 693 834 ἐξεδέχετο.
756 765 957 817 τούτου
995 767 1189 817 τοίνυν
1219 766 1280 818 τὸ
1321 763 1422 833 μὲν
1453 765 1594 828 ὕψος
1626 762 1886 831 ἑξήκοντα

201 852 419 920 πήχεων
457 850 546 903 καὶ
586 852 646 904 τὸ
687 858 857 920 ’μῆκος
898 857 1040 919 ἴσον,
1084 857 1256 904 εἴκοσι
1297 849 1358 904 δὲ
1396 854 1614 922 πήχεων
1652 853 1713 904 τὸ
1753 852 1887 904 πλά-

202 959 294 1003 τος
329 936 416 1008 ἦν.
478 939 658 1009 <216>
688 942 750 993 τὸ
788 937 838 992 δ’
866 938 1272 1047 ἑξηκοντάπηχυ
1311 941 1478 994 πάλιν
1512 939 1759 1011 διῄρητο,
1797 938 1889 992 καὶ

202 1030 264 1082 τὸ
304 1025 404 1097 μὲν
435 1037 656 1096 πρῶτον
687 1027 851 1098 μέρος
892 1027 1336 1098 ἀποτετμημένον
1369 1026 1454 1081 ἐπὶ
1493 1029 1889 1098 τετταράκοντα
1914 1053 1957 1084 10

203 1118 392 1186 πήχεις
419 1112 564 1186 εἶχεν
591 1116 650 1169 έν
676 1117 823 1188 αὑτῷ
856 1119 979 1187 τρία
1010 1118 1438 1186 θαυμασιώτατα
1469 1115 1560 1170 καὶ
1591 1120 1889 1186 περιβόητα

203 1213 371 1258 πᾶσιν
404 1204 728 1273 ἀνθρώποις
758 1207 908 1274 ἔργα,
941 1208 1173 1274 λυχνίαν
1203 1206 1473 1274 τράπεζαν
1504 1208 1890 1275 θυμιατηριον.

203 1294 383 1362 <217>
424 1292 719 1363 ἐνέφαινον
760 1290 811 1345 δ’
846 1294 905 1346 οἱ
950 1289 1050 1362 μὲν
1091 1291 1223 1345 ἑπτά
1271 1294 1465 1363 λύχνοι
1511 1295 1642 1356 τοὺς
1685 1294 1891 1363 πλάνη-

203 1402 297 1444 τας
343 1380 621 1453 (τοσοῦτοι
659 1382 764 1449 γὰρ
805 1378 897 1434 ἀπ’
939 1381 1105 1450 αὐτῆς
1145 1383 1439 1450 διήρτηντο
1482 1390 1578 1450 τῆς
1624 1382 1893 1452 λυχνίας),

205 1472 263 1524 οἱ
299 1468 348 1523 δ’
381 1469 469 1523 ἐπὶ
507 1478 602 1538 τῆς
640 1468 901 1539 τραπέζης
939 1471 1095 1540 ἄρτοι
1136 1471 1349 1523 δώδεκα
1388 1474 1485 1524 τόν
1524 1490 1581 1523 τε
1624 1472 1892 1542 ζῳδιακὸν
1916 1492 1962 1526 15

205 1560 412 1613 κύκλον
458 1557 549 1612 καὶ
595 1561 693 1612 τὸν
741 1557 1021 1612 ἐνιαυτόν·
1077 1559 1258 1629 <218>
1303 1561 1364 1612 τὸ
1411 1562 1782 1629 θυμιατήριον
1832 1557 1894 1613 δὲ

207 1648 299 1700 διά
353 1657 463 1700 τῶν
517 1648 868 1716 τρισκαίδεκα
928 1649 1317 1717 θυμιαμάτων,
1372 1641 1454 1710 οἷς
1509 1647 1566 1701 ἐκ
1619 1649 1896 1718 θαλάττης

206 1735 581 1804 ἀνεπίμπλατο
613 1735 704 1789 καὶ
735 1744 830 1805 τῆς
861 1735 1122 1804 ἀοικήτου
1147 1735 1239 1789 καὶ
1264 1745 1360 1805 τῆς
1391 1735 1741 1805 οἰκουμένης,
1773 1737 1896 1805 ἐσή-

207 1844 402 1893 μαινεν
436 1824 519 1877 ὅτι
557 1833 657 1878 τοῦ
696 1830 837 1878 θεοῦ
876 1825 1053 1878 πάντα
1092 1823 1183 1878 καὶ
1221 1833 1295 1896 τῷ
1336 1831 1467 1896 θεῷ.
1531 1826 1713 1894 <219>
1745 1828 1805 1879 τὸ
1839 1824 1889 1878 δ’

208 1912 483 1966 ἐνδοτάτω
531 1912 695 1982 μέρος
742 1919 913 1967 εἴκοσι
963 1911 1064 1982 μὲν
1111 1910 1181 1982 ἧν
1228 1917 1466 1984 πήχεων,
1522 1915 1791 1982 διείργετο
1840 1909 1890 1966 δ’
1920 1936 1966 1969 20

207 2001 409 2070 ὁμοίως
440 2002 877 2071 καταπετάσματι
909 2003 1047 2072 πρὸς
1078 2004 1138 2056 τὸ
1173 2001 1397 2067 ἔξωθεν.
1448 2005 1621 2055 ἔκειτο
1656 2000 1705 2055 δ’
1728 1999 1897 2056 οὐδὲν

207 2090 348 2152 ὅλως
387 2088 446 2143 έν
487 2090 661 2161 αὐτῷ,
708 2091 914 2160 ἄβατον
956 2088 1017 2143 δὲ
1063 2089 1154 2144 καὶ
1201 2092 1477 2161 ἄχραντον
1515 2089 1607 2144 καὶ
1655 2090 1897 2144 ἀθέατον

205 2174 277 2247 ἦν
315 2186 503 2247 πᾶσιν,
543 2177 706 2246 ἁγίου
746 2177 796 2232 δ’
828 2181 989 2248 ἅγιον
1024 2179 1283 2233 ἐκαλεῖτο.
1347 2181 1527 2249 <22Ο>
1566 2179 1690 2247 περὶ
1733 2177 1793 2232 δὲ
1831 2181 1898 2232 τὰ

206 2269 417 2339 πλευρὰ
463 2275 563 2320 τοῦ
610 2268 754 2321 κάτω
801 2278 942 2322 ναοῦ
985 2264 1068 2321 δι’
1105 2268 1362 2338 ἀλλήλων
1406 2266 1547 2337 ἦσαν
1596 2265 1738 2322 οἶκοι
1785 2271 1898 2337 τρί-

209 2371 391 2424 στεγοι
436 2359 660 2424 πολλοί,
707 2355 796 2409 καὶ
844 2353 973 2428 παρ’
1005 2355 1263 2427 ἑκάτερον
1303 2360 1380 2421 είς
1418 2357 1620 2420 αὐτοὺς
1659 2356 1764 2410 ἀπὸ
1804 2364 1898 2424 τῆς
1922 2379 1966 2411 25

207 2446 384 2514 πύλης
434 2446 659 2498 εἴσοδοι.
736 2445 915 2514 <221>
961 2448 1023 2499 τὸ
1072 2443 1123 2498 δ’
1159 2447 1415 2517 ὑπερῷον
1461 2445 1625 2515 μέρος
1670 2445 1901 2507 τούτους

208 2531 308 2602 μὲν
346 2531 527 2586 οὐκέτ’
558 2529 669 2604 εἶχε
707 2537 837 2597 τοὺς
877 2540 1089 2603 οἴκους,
1127 2538 1376 2605 παρόσον
1415 2530 1485 2603 ἧν
1523 2533 1614 2587 καὶ
1654 2537 1901 2587 στενότε-

210 2642 311 2681 ρον
371 2622 588 2690 ”“·”·ηλὸν
621 2619 670 2675 δ’
703 2621 790 2675 ἐπὶ
821 2624 1221 2693 τετταράκοντα
1259 2625 1448 2693 πήχεις
1487 2622 1578 2677 καὶ
1618 2625 1901 2693 λιτότερον

462 2730 508 2764 υ.
572 2711 867 2780 συνάγεται
909 2710 964 2764 δ’
994 2712 1137 2765 οὕτω
1178 2714 1314 2783 πρὸς
1354 2710 1617 2780 ἑξήκοντα
1657 2720 1770 2774 τοῖς
1802 2719 1900 2764 τοῦ

486 2802 731 2874 πήχεων
771 2797 965 2853 ἑκατὸν
1005 2803 1066 2853 τὸ
1104 2809 1215 2854 πᾶν
1253 2800 1409 2864 ὕψος.
1924 2821 1969 2853 30

492 2893 505 2965 ’χ
546 2890 607 2941 τὸ
657 2886 708 2940 δ’
749 2889 958 2952 ἔξωθεν
1005 2890 1177 2943 αὐτοῦ
1223 2892 1520 2958 πρόσωπον
1567 2887 1735 2943 οὐδὲν
1776 2886 1898 2941 οὔτ’

507 2974 536 3128 Χ
