2032 3128
691 135 792 176 ΕΙΣ
823 135 1260 177 ΜΑΚΚΑΒΑΙΟΤΣ
1709 131 1815 184 319

139 267 242 334 γὰρ
290 264 381 318 καὶ
428 265 804 336 ἀσθενόψυχοι
854 266 944 320 καὶ
994 269 1429 337 φιλογονώτεραι
1475 268 1817 337 ὑπάρχουσιν

139 354 202 406 αἱ
265 353 514 422 μητέρες,
582 357 827 426 τοσούτῳ
904 358 1114 424 μᾶλλόν
1183 357 1290 409 εἰσι
1358 358 1818 425 φιλοτεκνότεραι.

139 442 320 511 <176>
364 452 557 495 πασῶν
606 440 666 495 δὲ
721 452 830 497 τῶν
877 443 1128 512 μητέρων
1176 442 1389 511 ἐγένετο
1444 443 1477 511 ἡ
1531 454 1642 497 τῶν
1689 443 1819 496 ἑπτὰ

139 532 313 598 μήτηρ
353 531 803 601 φιλοτεκνοτέρα,
849 532 967 599 ἥτις
1006 530 1137 584 ἑπτὰ
1179 535 1507 601 κυοφοριάις
1544 533 1646 600 τὴν
1684 533 1820 598 πρὸς

94 639 116 671 5
140 617 341 680 αὐτοὺς
388 617 824 688 ἐπιφυτευομένη
872 622 1287 689 φιλοστοργίαν,
1339 618 1431 672 καὶ
1479 621 1571 688 διὰ
1616 620 1822 682 πολλὰς

139 706 235 768 τὰς
279 703 412 759 καθ’
449 706 677 760 ἕκαστον
716 706 900 760 αὐτῶν
939 707 1144 769 ὀδύνας
1181 706 1565 776 ἠναγκασμένη
1605 709 1705 775 τὴν
1746 709 1822 770 είς

140 794 343 857 αὐτοὺς
392 797 537 864 ἔχειν
585 796 954 863 συμπάθειαν,
1004 796 1096 848 διὰ
1141 797 1238 848 τὸν
1284 797 1420 863 πρὸς
1464 797 1604 849 θεὸν
1642 797 1822 863 φόβον

139 882 394 950 ὑπερεῖδε
425 884 525 950 τὴν
553 893 664 935 τῶν
693 883 900 936 τέκνων
932 885 1268 952 πρόσκαιρον
1298 887 1588 953 σωτηρίαν.
1642 884 1822 951 <177>

141 970 209 1023 οὐ
248 973 357 1039 μήν
396 990 457 1038 γε
496 970 634 1024 ἀλλὰ
682 970 772 1024 καὶ
813 972 904 1024 διὰ
943 972 1043 1039 τὴν
1081 975 1495 1039 καλοκαγαθίαν
1534 980 1645 1024 τῶν
1682 971 1822 1023 υἱῶν

76 1081 119 1112 ιο
140 1056 231 1110 καὶ
278 1060 380 1126 τὴν
418 1060 554 1127 πρὸς
591 1061 689 1113 τὸν
727 1062 903 1128 νόμον
942 1060 1125 1113 αὐτῶν
1163 1059 1484 1113 εὐπείθειαν
1523 1061 1683 1128 μείζω
1722 1059 1822 1126 τὴν

141 1145 202 1199 ἐν
250 1145 437 1209 αὐτοῖς
491 1144 600 1217 εἶχε
654 1151 1075 1216 φιλοστοργίαν·
1128 1147 1308 1216 <178>
1354 1149 1562 1200 δίκαιοί
1609 1166 1665 1200 τε
1719 1148 1823 1215 γὰρ

140 1231 281 1302 ἦσαν
328 1234 419 1288 καὶ
468 1238 753 1305 σώφρονες
799 1235 889 1289 καὶ
936 1239 1311 1307 μεγαλόψυχοι
1357 1235 1447 1289 καὶ
1493 1236 1825 1305 φιλάδελφοι

139 1322 231 1376 καὶ
286 1328 648 1393 φιλομήτορες
694 1325 867 1388 οὕτως
922 1326 1058 1378 ὥστε
1114 1323 1204 1377 καὶ
1260 1324 1417 1395 μέχρι
1462 1324 1714 1377 θανάτου
1760 1324 1826 1376 τὰ

141 1415 345 1481 νόμιμα
378 1413 766 1482 φυλάσσοντας
794 1417 1095 1467 πείθεσθαι
1124 1413 1275 1482 αὐτῇ.
1323 1414 1504 1480 <179>
1534 1410 1655 1466 ἀλλ’
1680 1412 1827 1480 ὅμως

76 1521 119 1553 15
142 1504 334 1569 καίπερ
374 1503 655 1554 τοσούτων
695 1503 873 1555 ὄντων
914 1500 1086 1570 [περὶ]
1133 1511 1244 1554 τῶν
1282 1501 1408 1570 [τὴν
1447 1498 1825 1569 φιλοτεκνίαν]

142 1591 223 1652 εἰς
285 1589 637 1658 συμπάθειαν
692 1588 968 1643 ἑλκόντων
1021 1592 1122 1658 τὴν
1177 1588 1408 1658 μητέρα,
1469 1587 1551 1642 ἐπ’
1600 1588 1829 1650 οὐδενὸς

142 1676 326 1730 αὐτῶν
378 1678 478 1730 τὸν
529 1680 796 1746 λογισμὸν
851 1678 1018 1745 αὐτῆς
1072 1678 1134 1730 αἱ
1182 1681 1539 1746 παμποίκιλοι
1593 1677 1828 1745 βάσανοι

143 1771 376 1835 ἴσχυσαν
431 1764 786 1834 μετατρέψαι,
848 1766 987 1819 ἀλλὰ
1041 1764 1132 1818 καὶ
1186 1761 1318 1818 καθ’
1361 1765 1458 1818 ἕνα
1514 1766 1684 1817 παῖδα
1737 1762 1828 1816 καὶ

142 1854 282 1922 ὁμοῦ
337 1853 543 1915 πάντας
597 1853 629 1921 ἡ
686 1858 861 1923 μήτηρ
917 1852 1004 1906 ἐπὶ
1058 1855 1155 1906 τὸν
1210 1850 1348 1922 ὑπὲρ
1403 1861 1497 1921 τῆς
1550 1853 1830 1922 εὐσεβείας

10 1942 15 1944 ”
75 1961 118 1994 20
140 1940 501 2011 προετρέπετο
532 1942 796 1994 θάνατον.
845 1942 1026 2010 <180>
1059 1938 1100 1993 ὦ
1135 1943 1303 2009 φύσις
1337 1943 1474 2010 ἱερά,
1504 1940 1595 1994 καὶ
1627 1945 1829 2010 φίλτρα

142 2028 371 2098 γονέων,
408 2027 501 2081 καὶ
541 2030 761 2093 σύνεσις
800 2033 1148 2099 φιλόστοργε,
1188 2029 1279 2082 καὶ
1313 2038 1560 2100 τροφεῖα,
1599 2027 1690 2082 καὶ
1730 2049 1829 2097 μη-

140 2118 315 2187 τέρων
361 2117 646 2186 ἀδάμαστα
692 2118 861 2186 πάθη.
938 2114 1069 2170 καθ’
1106 2117 1202 2170 ἕνα
1250 2118 1692 2186 στρεβλούμενον
1738 2116 1828 2170 καὶ

139 2208 484 2275 φλεγόμενον
533 2206 716 2274 ὁρῶσα
763 2206 796 2274 ἡ
845 2208 1021 2275 μήτηρ
1080 2207 1146 2259 οὐ
1201 2206 1525 2274 μετεβάλετο
1582 2207 1675 2258 διὰ
1728 2206 1828 2274 τὴν

140 2292 441 2362 εὐσέβειαν.
517 2294 701 2363 <181>
739 2295 834 2357 τὰς
874 2294 1078 2362 σάρκας
1117 2303 1228 2347 τῶν
1266 2292 1475 2346 τέκνων
1516 2291 1660 2363 ἑώρα
1705 2293 1829 2363 περὶ

74 2403 116 2436 25
140 2385 202 2436 τὸ
249 2391 360 2452 πῦρ
407 2382 734 2452 τηκομένας,
789 2381 881 2436 καὶ
927 2385 1057 2445 τοὺς
1101 2392 1212 2435 τῶν
1258 2383 1447 2435 ποδῶν
1493 2380 1585 2435 καὶ
1630 2391 1829 2452 χειρῶν

141 2472 447 2534 δακτύλους
486 2469 574 2524 ἐπὶ
614 2478 713 2539 γῆς
753 2474 1112 2539 σπαίροντας,
1158 2469 1250 2523 καὶ
1289 2471 1385 2533 τὰς
1422 2479 1533 2522 τῶν
1571 2475 1828 2539 κεφαλῶν

139 2559 299 2630 μέχρι
344 2565 455 2613 τῶν
500 2558 625 2628 περὶ
680 2560 744 2611 τὰ
798 2558 984 2626 γένεια
1031 2559 1235 2627 σάρκας
1287 2560 1467 2626 ὥσπερ
1513 2567 1829 2626 προσωπεῖα

139 2648 515 2718 προκειμένας.
593 2649 775 2716 <182>
820 2644 862 2699 ὦ
901 2646 1242 2718 πικροτέρων
1280 2656 1387 2700 νῦν
1426 2649 1601 2716 μήτηρ
1640 2649 1829 2701 πόνων

139 2742 467 2805 πειραθεῖσά
499 2733 638 2806 ὑπὲρ
671 2746 781 2789 τῶν
815 2734 898 2789 ἐπ’
930 2736 1116 2799 αὐτοῖς
1148 2736 1389 2804 ὠδίνων,
1428 2731 1470 2787 ὦ
1503 2738 1645 2803 μόνη
1686 2738 1828 2804 γυνὴ

75 2844 118 2876 30
142 2826 243 2893 τὴν
288 2824 576 2894 εὐσέβειαν
625 2825 932 2893 ὁλόκληρον
979 2824 1362 2892 ἀποκυήσασα·
1418 2824 1484 2877 οὐ
1538 2822 1834 2893 μετέτρεψέ

143 2929 202 2966 σε
234 2916 580 2981 πρωτότοκος
611 2913 922 2983 ἀποπνέων,
956 2910 1087 2967 οὐδὲ
1121 2914 1375 2982 δεύτερος
1406 2914 1483 2975 εἰς
1514 2908 1574 2964 σὲ
1607 2913 1829 2981 οἰκτρὸν
