2032 3128
237 106 264 154 1
274 104 341 156 72
660 107 786 149 TOT
816 108 1157 150 ΙΟΤΔΑΙΚΟΤ
1186 110 1495 154 ΠΟΛΕΜΟΥ·

233 239 607 308 βουλεύματος
644 240 740 302 τὰς
769 241 948 309 ψυχὰς
977 241 1422 314 ὑποκλωμένους,
1461 247 1638 299 ἔδεισε
1679 249 1751 316 μή
1790 265 1922 300 ποτε

233 326 325 379 καὶ
386 330 516 389 τοὺς
578 326 901 397 ἐρρωμένως
960 339 1071 383 τῶν
1126 335 1308 400 λόγων
1362 333 1704 398 ἀκούσαντας
1763 335 1919 385 αι’·συό

233 417 689 484 συνεκθηλύνωσι
743 419 1108 486 ποτνιώμενοι
1163 419 1254 473 καὶ
1309 423 1656 481 δακρύοντες·
1740 415 1920 481 (340)

232 504 441 556 οὔκουν
472 504 638 564 ἀνῆκε
661 505 770 565 τὴν
802 505 1223 567 παρακέλευσιν,
1263 499 1383 553 ἀλλ’
1409 499 1608 555 ἑαυτὸν
1641 501 1921 569 ἐπεγείρας

228 589 320 640 καὶ
372 589 582 639 πολλοῦ
629 587 866 653 λήματος
918 587 1128 655 πλήρης
1182 591 1480 658 γενόμενος
1527 590 1921 659 λαμπροτέροις
1966 609 1988 642 5

233 675 493 744 ἐνεχείρει
540 675 726 741 λόγοις
771 672 894 740 περὶ
942 683 1122 744 ψυχῆς
1167 675 1502 746 ἀθανασιάς,
1552 678 1735 745 <341>
1782 677 1920 747 μέγα

229 784 287 817 τε
345 762 664 833 σχετλιάσας
716 759 807 813 καὶ
862 771 976 822 τοῖς
1030 765 1372 830 δακρύουσιν
1419 763 1604 828 ἀτενὲς
1650 765 1922 835 ἐμβλέψας

231 848 292 921 (ἦ
332 850 619 905 πλεῖστον’
658 846 811 902 εἶπεν
851 847 1177 916 (ἐψεύσθην,
1215 852 1456 918 νομίζων
1490 849 1761 919 ἀνδράσιν
1791 854 1924 918 ἀγα-

230 947 358 1003 θοῖς
403 949 516 993 τῶν
561 935 700 1006 ὑπὲρ
749 944 843 1005 τῆς
890 936 1209 1006 ἐλευθερίας
1260 937 1492 1005 ἀγώνων
1541 942 1924 1008 συναίρεσθαι,

234 1033 329 1098 ζῆν
367 1032 546 1090 καλῶς
593 1026 626 1095 ἢ
672 1025 942 1079 τεθνάναι
991 1027 1366 1093 διεγνωκόσιν.
1444 1026 1625 1095 <342>
1666 1027 1821 1095 ὑμεῖς
1867 1027 1918 1081 δ’
1947 1048 1991 1081 ιο

231 1114 325 1185 ᾖτε
364 1127 475 1170 τῶν
507 1117 787 1185 τυχόντων
820 1110 987 1166 οὐδὲν
1020 1115 1098 1176 εἰς
1137 1112 1339 1182 ἀρετὴν
1370 1112 1490 1167 οὐδ’
1516 1117 1596 1177 εἰς
1628 1115 1925 1182 εὐτολμίαν
1998 1158 2000 1160 v

234 1204 616 1275 διαφέροντες,
666 1203 724 1255 οἵ
773 1221 833 1270 γε
887 1200 978 1254 καὶ
1032 1204 1130 1255 τὸν
1177 1200 1266 1254 ἐπὶ
1319 1206 1592 1270 μεγίστων
1640 1202 1925 1274 ἀπαλλαγῇ

233 1304 416 1347 κακῶν
470 1295 740 1362 φοβεῖσθε
802 1291 1101 1358 θάνατον,
1142 1290 1272 1343 δεόν
1326 1288 1465 1358 ὑπὲρ
1527 1292 1729 1344 τούτου
1791 1295 1924 1361 μήτε

232 1386 497 1452 μελλῆσαι
529 1382 662 1449 μήτε
695 1380 1017 1448 σύμβουλον
1050 1378 1356 1447 ἀναμεῖναι.
1405 1379 1589 1449 <343>
1619 1380 1789 1433 πάλαι
1819 1382 1926 1450 γὰρ

233 1470 408 1533 εὐθὺς
457 1469 563 1522 ἀπὸ
611 1476 706 1537 τῆς
750 1469 967 1537 πρώτης
1014 1469 1326 1536 αἰσθήσεως
1379 1469 1735 1531 παιδεύοντες
1787 1469 1928 1539 ἡμᾶς
1950 1490 1994 1521 15

235 1561 293 1613 οἱ
342 1559 563 1627 πάτριοι
612 1556 704 1610 καὶ
750 1562 899 1610 θεῖοι
948 1558 1105 1624 λόγοι
1153 1556 1455 1625 διετέλουν,
1509 1559 1692 1627 ε”ργοις
1735 1577 1792 1610 τε
1837 1546 1957 1611 καὶμ

233 1649 552 1718 φρονήμασι
592 1656 702 1699 τῶν
740 1645 1021 1714 ἡμετέρων
1060 1648 1355 1715 προγόνων
1395 1645 1598 1709 αὐτοὺς
1640 1647 1930 1715 βεβαιούν-

233 1757 369 1805 των,
425 1736 510 1789 ὅτι
567 1735 827 1804 συμφορὰ
881 1735 942 1787 τὸ
1002 1737 1096 1802 ζῆν
1144 1733 1295 1787 ἐστιν
1341 1733 1688 1802 ἀνθρώποις,
1742 1733 1843 1804 οὐχ
1899 1735 1928 1789 ὁ

233 1826 492 1887 θάνατος.
585 1823 767 1891 <344>
821 1819 985 1885 οὗτος
1043 1820 1144 1891 μὲν
1199 1823 1304 1892 γὰρ
1359 1823 1685 1893 ἐλευθερίαν
1739 1824 1931 1886 διδοὺς

233 1923 436 1983 ψυχαῖς
499 1914 578 1975 εἰς
630 1914 729 1965 τὸν
785 1914 993 1965 οἰκεῖον
1047 1909 1139 1964 καὶ
1199 1914 1454 1982 καθαρὸν
1508 1911 1704 1981 ἀφίησι
1756 1914 1928 1966 τόπον
1953 1933 1997 1965 20

234 2002 709 2069 ἀπαλλάττεσθαι,
767 2000 944 2069 πάσης
1000 2008 1289 2070 συμφορᾶς
1351 2000 1585 2062 ἀπαθεῖς
1640 1999 1928 2070 ἐσομένας·

235 2090 336 2153 ἕως
375 2088 428 2143 δ’
458 2088 601 2142 εἰσὶν
636 2089 695 2142 ἐν
729 2090 939 2156 σώματι
976 2095 1167 2161 θνητῷ
1206 2088 1497 2158 δεδεμέναι
1536 2088 1627 2142 καὶ
1666 2099 1776 2142 τῶν
1806 2091 1931 2143 τού-

233 2199 333 2232 του
390 2188 572 2231 κακῶν
629 2181 1210 2247 συναναπίμπλανται,
1271 2177 1684 2247 τάληθέστατον
1738 2179 1931 2246 εἰπεῖν,

234 2268 563 2335 τεθνήκασι·
614 2270 880 2320 κοινωνία
927 2267 1032 2336 γὰρ
1071 2270 1211 2339 θείῳ
1258 2268 1398 2337 πρὸς
1434 2268 1649 2334 θνητὸν
1689 2266 1932 2336 ἀπρεπής

235 2356 364 2409 ἐστι.
440 2354 623 2423 <345>
662 2354 800 2424 μέγα
839 2352 940 2423 μὲν
979 2351 1083 2409 οὖν
1125 2356 1357 2408 δύναται
1395 2356 1543 2425 ψυχὴ
1587 2353 1677 2408 καὶ
1718 2355 1926 2423 σώματι
1951 2375 1996 2408 25

235 2442 637 2513 συνδεδεμένη·
687 2453 839 2496 ποιεῖ
882 2445 986 2512 γὰρ
1026 2444 1193 2512 αὑτῆς
1233 2445 1474 2514 ὄργανον
1514 2445 1927 2511 αἰσθανόμενον
1984 2480 1988 2484 ι
2031 2474 2032 2481 1

234 2533 480 2604 ἀοράτως
527 2532 662 2585 αὐτὸ
708 2541 942 2585 κινοῦσα
987 2530 1078 2585 καὶ
1117 2537 1327 2601 θνητῆς
1365 2533 1586 2601 φύσεως
1628 2530 1928 2604 περαιτέρω

232 2622 555 2692 προάγουσα
593 2630 711 2682 ταῖς
747 2620 1037 2689 πράξεσιν·
1080 2620 1262 2689 <346>
1301 2620 1369 2684 οὐ
1407 2621 1518 2689 μὴν
1554 2617 1675 2674 ἀλλ’
1703 2619 1928 2673 ἐπειδὰν

234 2711 580 2763 ἀπολυθεῖσα
633 2716 733 2763 τοῦ
786 2708 1159 2772 καθέλκοντος
1205 2709 1379 2776 αὐτὴν
1425 2709 1633 2779 βάρους
1679 2707 1768 2762 ἐπὶ
1822 2714 1926 2777 γῆν

233 2797 325 2851 καὶ
363 2796 856 2870 προσκρεμαμένου
894 2807 1079 2867 χῶρον
1118 2797 1369 2868 ἀπολάβῃ
1396 2799 1506 2851 τὸν
1538 2799 1767 2865 οἰκεῖον,
1804 2799 1924 2850 τότε
1950 2818 2018 2864 εον

235 2888 304 2955 δὴ
345 2889 614 2957 μακαρίας
654 2887 843 2957 ἰσχύος
880 2885 971 2939 καὶ
1011 2889 1362 2955 πανταχόθεν
1395 2885 1681 2940 ἀκωλύτου
1717 2884 1926 2955 μετέχει
