2032 3128
240 87 344 139 178
663 89 787 130 TOT
816 76 1160 131 IOTAAIKOT‘
1185 90 1493 132 ΠΟΛΕΜΟΥ

236 229 330 290 τῆς
378 220 630 284 ἁλώσεως
675 221 931 292 ἀποθάνῃ
979 223 1275 276 δεδοίκασι.
1349 223 1546 292 <388>
1594 225 1915 293 σπεύσωμεν

236 305 339 362 οὖν
379 308 500 361 ἀντὶ
546 316 640 377 τῆς
691 307 1040 378 ἐλπιζομένης
1078 309 1264 381 αὐτοῖς
1302 307 1433 363 καθ’
1482 311 1638 379 ἡμῶν
1678 311 1916 366 ἀπολαύ-

235 411 371 460 σεως
421 397 677 466 ἔκπληξιν
731 405 831 450 τοῦ
883 397 1135 451 θανάτου
1187 395 1279 450 καὶ
1332 403 1522 467 θαῦμα
1576 406 1671 468 τῆς
1715 402 1916 469 τόλμης

233 485 582 538 καταλιπεῖν.’

168 575 199 627 9
343 563 524 639 <389>
577 574 655 624 ἔτι
708 575 1051 640 βουλόμενον
1105 573 1274 627 αὐτὸν
1327 579 1664 644 παρακαλεῖν
1717 576 1916 636 πάντες
1960 599 1983 630 5

231 659 599 729 ὑπετέμνοντο
646 658 735 712 καὶ
789 661 925 730 πρὸς
968 661 1069 729 τὴν
1115 661 1315 731 πρᾶξιν
1360 663 1678 728 ἠπείγοντο,
1729 660 1914 714 ἀνεπι-

232 748 426 819 σχέτου
479 750 629 810 τινὸς
683 748 853 817 ὁρμῆς
905 749 1347 816 πεπληρωμένοι,
1402 746 1493 800 καὶ
1545 750 1914 818 δαιμονῶντες

171 860 173 862 ·
231 837 466 907 ἀπῆσαν,
504 838 668 899 ἄλλος
697 837 803 904 πρὸ
836 836 1008 888 ἄλλου
1039 835 1256 904 φθάσαι
1287 838 1626 906 γλιχόμενος,
1664 835 1756 890 καὶ
1785 840 1914 891 ταύ-

229 945 332 994 την
386 924 648 989 ἐπίδειξιν
703 920 845 976 εἶναι
895 930 990 991 τῆς
1038 922 1297 993 ἀνδρείας
1341 923 1432 976 καὶ
1483 931 1577 993 τῆς
1624 918 1927 995 εὐβουλίας

229 1017 560 1082 νομίζοντες,
598 1014 659 1066 τὸ
693 1013 765 1080 μή
805 1031 886 1074 τις
926 1011 987 1065 ἐν
1018 1012 1273 1074 ὑστάτοις
1311 1015 1607 1081 γενόμενος
1638 1001 1911 1083 ὀφθῆναι·
1938 1039 1981 1071 10

229 1110 490 1164 τοσοῦτος
528 1101 715 1162 αὐτοῖς
752 1109 1031 1167 γυναικῶν
1069 1098 1161 1153 καὶ
1199 1101 1436 1153 παιδίων
1467 1099 1559 1154 καὶ
1598 1109 1692 1170 τῆς
1729 1103 1911 1156 αὑτῶν

230 1198 445 1259 σφαγῆς
485 1191 619 1260 ἔρως
658 1186 928 1241 ἐνέπεσεν.
1005 1189 1187 1256 <390>
1228 1187 1319 1242 καὶ
1357 1190 1467 1258 μὴν
1511 1188 1630 1242 οὐδ’
1671 1190 1803 1259 ὅπερ
1843 1192 1911 1243 ἄν

228 1299 311 1341 τις
365 1277 522 1350 ςόῆθη
574 1284 637 1346 τῇ
687 1276 881 1344 πράξει
927 1279 1248 1347 προσιόντες
1297 1278 1733 1348 ἠμβλύνθησαν,
1787 1275 1905 1332 ἀλλ’

229 1366 390 1435 ἀτενῆ
429 1368 530 1435 τὴν
569 1366 796 1434 γνώμην
837 1365 1173 1435 διεφύλαξαν
1213 1366 1339 1419 οἵαν
1379 1367 1541 1436 ἔσχον
1579 1376 1689 1419 τῶν
1728 1370 1912 1435 λόγων

227 1454 588 1524 ἀκροώμενοι,
629 1462 729 1507 τοῦ
769 1451 869 1522 μὲν
910 1456 1116 1507 οἰκείου
1156 1453 1245 1507 καὶ
1284 1457 1657 1525 φιλοστόργου
1695 1456 1912 1519 πάθους
1937 1480 1979 1513 15

228 1545 396 1596 ἅπασι
433 1541 871 1613 παραμένοντος,
909 1551 1010 1596 τοῦ
1050 1547 1318 1612 λογισμοῦ
1359 1541 1406 1596 δ’
1448 1543 1522 1606 ὡς
1552 1545 1618 1596 τὰ
1651 1544 1911 1613 κράτιστα
1954 1545 1957 1547 “

228 1633 658 1701 βεβουλευκότος
707 1640 824 1694 τοῖς
876 1631 1160 1700 φιλτάτοις
1213 1630 1651 1702 ἐπικρατοῦντος.
1729 1633 1910 1701 <391>

228 1720 368 1789 ὁμοῦ
422 1721 527 1790 γὰρ
581 1720 887 1788 ἠσπάζοντο
946 1729 1210 1788 γυναῖκας
1268 1723 1767 1790 περιπτυσσόμενοι
1820 1719 1909 1774 καὶ

225 1807 388 1861 τέκνα
432 1810 963 1879 προσηγκαλίζοντο,
1009 1817 1124 1871 τοῖς
1169 1809 1424 1872 ὑστάτοις
1469 1812 1774 1879 φιλήμασιν
1821 1808 1911 1878 ἐμ-

226 1899 498 1965 φυόμενοι
543 1895 634 1950 καὶ
683 1897 1042 1966 δακρύοντες,
1104 1897 1294 1966 <392>
1336 1898 1476 1966 ὁμοῦ
1516 1896 1602 1966 δέ,
1656 1898 1907 1967 καθάπερ
1933 1924 1976 1955 20

225 1985 537 2055 ἀλλοτρίαις
573 1983 763 2056 χερσὶν
802 1985 1267 2055 ὑπουργούμενοι,
1307 1985 1640 2040 συνετέλουν
1678 1988 1739 2040 τὸ
1778 1988 1909 2055 βού-

224 2078 421 2142 λευμα,
474 2075 575 2143 τὴν
630 2074 882 2127 ἐπίνοιαν
937 2070 1016 2127 ὧν
1069 2077 1353 2128 πείσονται
1406 2085 1589 2128 κακῶν
1638 2075 1745 2129 ὑπὸ
1796 2085 1910 2139 τοῖς

222 2165 501 2231 πολεμίοις
550 2166 840 2232 γενόμενοι
889 2164 1248 2233 παραμύθιον
1299 2171 1393 2233 τῆς
1444 2163 1504 2217 ἐν
1550 2172 1624 2236 τῷ
1674 2167 1908 2217 κτείνειν

223 2250 463 2319 ἀνάγκης
502 2253 732 2321 ἔχοντες.
801 2251 985 2321 <393>
1023 2250 1115 2305 καὶ
1152 2251 1320 2322 πέρας
1359 2251 1544 2316 οὐδεὶς
1580 2254 1907 2322 τηλικούτου

221 2341 562 2408 τολμήματος
607 2340 784 2408 ἥττων
822 2340 1048 2410 εὑρέθη,
1086 2340 1285 2403 πάντες
1324 2338 1385 2393 δὲ
1426 2342 1518 2393 διὰ
1556 2350 1666 2394 τῶν
1707 2342 1903 2394 οἰκειο-
1930 2365 1974 2397 25

220 2429 397 2481 τάτων
445 2427 768 2498 διεξῆλθον,
815 2430 1005 2483 ἄθλιοι
1051 2436 1147 2497 τῆς
1193 2428 1459 2498 ἀνάγκης,
1508 2422 1592 2492 οἷς
1629 2428 1906 2499 αὐτοχειρὶ

220 2525 484 2585 γυναῖκας
529 2518 623 2580 τάς
669 2517 853 2570 αὑτῶν
898 2515 991 2570 καὶ
1037 2516 1201 2572 τέκνα
1246 2526 1456 2572 κτεῖναι
1494 2526 1677 2571 κακῶν
1717 2517 1905 2583 ἔδοξεν

219 2602 361 2658 εἶναι
398 2608 460 2659 τὸ
499 2609 857 2675 κουφότατον.
935 2606 1118 2677 <394>
1167 2607 1293 2660 οὔτε
1333 2608 1402 2676 δὴ
1446 2609 1639 2661 τοίνυν
1677 2608 1778 2676 τὴν
1818 2605 1904 2660 ἐπὶ

217 2704 331 2756 τοῖς
367 2694 770 2765 πεπραγμένοις
810 2694 1020 2764 ὀδύνην
1059 2697 1139 2748 ἔτι
1168 2694 1452 2766 φέροντες,
1492 2694 1582 2748 καὶ
1614 2698 1743 2758 τοὺς
1773 2694 1904 2766 ἀνῃ-

218 2781 489 2853 ρημένους
541 2785 854 2852 νομίζοντες
908 2782 1122 2836 ἀδικεῖν
1170 2783 1276 2838 κᾶν
1326 2771 1538 2854 βραχὺν
1589 2784 1776 2846 αὐτοῖς
1821 2786 1900 2837 ἔτι
1925 2806 1969 2838 30

214 2874 421 2942 χρόνον
477 2871 791 2942 έπιζήσωσι,
841 2874 975 2941 ταχὺ
1024 2869 1125 2941 μὲν
1174 2873 1276 2942 τὴν
1321 2880 1514 2942 κτῆσιν
1561 2873 1776 2935 ἅπασαν
1823 2874 1900 2935 εἰς
