2032 3128
108 1210 162 1250 18

197 81 304 134 206
806 81 967 123 RATA
998 81 1278 124 ΑΠΙΩΝΟΣ

197 214 404 284 ἀναβὰς
445 211 506 267 δὲ
552 216 631 276 εἰς
672 216 771 268 τὸν
810 217 1062 283 Λίβανον
1103 215 1410 285 ὑλοτόμησε
1456 217 1593 286 πρὸς
1637 217 1738 285 τὴν
1777 224 1888 269 τῶν

195 312 348 357 ναῶν
394 305 751 371 κατασκευήν.
820 303 1002 371 <114>
1050 305 1148 356 τὸν
1196 300 1258 356 δὲ
1304 312 1686 374 τυραννοῦντα
1722 302 1888 374 Ἱερο-
1955 361 1958 364 ⁴

197 393 458 460 σολύμων
497 395 808 460 Σολομῶνα
862 389 1082 461 πέμψαι·
1117 391 1254 461 φασὶ
1307 394 1444 462 πρὸς
1489 394 1587 446 τὸν
1625 393 1889 462 Εἴρωμον

198 482 492 549 αἰνίγματα
538 479 629 532 καὶ
674 478 803 548 παρ’
841 480 1013 533 αὐτοῦ
1061 484 1259 549 λαβεῖνΙ
1300 480 1513 549 ἀξιοῦν,
1561 483 1659 534 τὸν
1707 477 1770 533 δὲ
1817 481 1888 549 μὴ

198 566 515 636 δυνηθέντα
563 569 843 637 διακρῖναι
889 575 964 640 τῷ
1014 569 1245 622 λύσαντι
1295 571 1544 639 χρήματα
1590 568 1888 622 ἀποτίνειν.

195 656 378 726 <115>
418 657 837 725 ὁμολογήσαντα
885 655 946 709 δὲ
992 659 1090 711 τὸν
1129 658 1413 728 Εἴρωμον,
1462 656 1553 711 καὶ
1599 659 1673 726 μὴ
1722 659 1890 725 δυνη-

195 743 369 798 θέντα
416 749 579 799 λῦσαι
624 746 690 798 τά
737 747 1056 815 αἰνίγματα,
1102 747 1280 799 πολλὰ
1326 755 1437 799 τῶν
1480 746 1774 816 χρημάτων
1813 747 1892 808 εἰς

195 835 256 887 τὸ
298 832 581 902 ἐπιζήμιον
621 833 916 886 ἀναλῶσαι.
987 830 1103 887 εἶτα
1151 832 1224 887 δι’
1260 832 1578 904 Ἀβδήμονά
1623 854 1748 888 τινα
1787 835 1891 886 Τύ-

197 942 323 992 ριον
378 923 557 991 ἄνδρα
610 923 676 974 τὰ
729 921 1073 991 προτεθέντα
1127 927 1317 990 λῦσαι,
1381 922 1473 976 καὶ
1527 923 1698 977 αὐτὸν
1753 923 1892 976 ἄλλα

196 1013 518 1080 προβαλεῖν,
572 1010 606 1063 ἃ
657 1011 729 1079 μὴ
785 1011 1028 1064 λύσαντα
1081 1013 1180 1064 τὸν
1227 1016 1538 1080 Σολομῶνα
1591 1012 1769 1065 πολλὰ
1815 1017 1889 1083 τῷ

196 1100 435 1170 Εἰρώμῳ
474 1108 876 1168 προσαποτῖσαι
913 1100 1197 1169 χρήματα.’

309 1188 492 1256 <116>
531 1193 669 1250 Δῖος
708 1185 809 1257 μὲν
842 1184 945 1242 οὖν
978 1189 1122 1243 οὕτω
1161 1188 1287 1258 περὶ
1325 1198 1437 1242 τῶν
1474 1188 1893 1259 προειρημένων

195 1277 330 1345 ἡμῖν
383 1278 826 1346 μεμαρτύρηκεν·
883 1277 1022 1330 ἀλλὰ
1074 1279 1212 1348 πρὸς
1265 1279 1441 1350 τούτῳ
1496 1281 1894 1349 παραθήσομαι

196 1364 287 1418 καὶ
333 1364 676 1435 Μένανδρον
723 1367 821 1419 τὸν
863 1363 1134 1435 Ἐφέσιον.
1210 1365 1454 1437 γέγραφε
1503 1364 1551 1420 δ’
1592 1363 1756 1431 οὗτος
1800 1368 1894 1430 τὰς

198 1451 284 1523 ἐφ’
317 1452 551 1507 ἑκάστου
590 1463 700 1507 τῶν
733 1454 1010 1523 βασιλέων
1040 1456 1264 1524 πράξεις
1302 1457 1397 1519 τὰς
1434 1457 1582 1525 παρὰ
1620 1466 1735 1519 τοῖς
1766 1454 1893 1508 ‘'ffl-

196 1547 323 1611 λησι
363 1541 453 1595 καὶ
491 1543 797 1614 βαρβάροις
828 1543 1215 1613 γεγενημένας,
1257 1543 1316 1597 ἐκ
1346 1553 1458 1598 τῶν
1489 1542 1618 1615 παρ’
1647 1542 1895 1607 ἑκάστοις

199 1630 507 1701 ἐπιχωρίων
540 1632 875 1702 γραμμάτων
908 1634 1227 1696 σπουδάσας
1257 1634 1358 1701 τὴν
1392 1634 1640 1704 ἱστορίαν
1672 1639 1893 1702 μαθεῖν.

191 1717 380 1788 (117)
421 1720 655 1789 γράφων
696 1721 764 1789 δὴ
805 1719 930 1790 περὶ
968 1731 1080 1774 τῶν
1112 1724 1589 1791 βεβασιλευκότων
1621 1722 1681 1775 έν
1715 1723 1895 1795 Τύρῳ,

199 1811 383 1861 ἔπειτα
444 1812 742 1879 γενόμενος
801 1811 939 1862 κατὰ
1000 1812 1098 1863 τὸν
1153 1812 1447 1881 Εἴρωμον,
1508 1811 1678 1864 ταῦτά
1741 1825 1894 1880 φησι.

201 1898 653 1966 (τελευτήσαντος
699 1896 760 1950 δὲ
800 1896 1097 1967 Ἀβιβάλου
1147 1899 1426 1963 διεδέξατο
1467 1900 1567 1968 τὴν
1606 1901 1894 1968 βασιλείαν

201 1986 229 2040 ὁ
263 1987 385 2049 υίὸς
415 1986 589 2040 αὐτοῦ
619 1988 901 2056 Εἴρωμος,
941 1987 1002 2050 ὃς
1039 1988 1245 2057 βιώσας
1277 1990 1366 2057 ἔτη
1399 1990 1740 2057 πεντήκοντα
1771 1992 1894 2055 τρία

201 2074 560 2143 ἐβασίλευσεν
584 2078 675 2144 ἔτη
707 2077 1003 2146 τριάκοντα
1033 2074 1283 2146 τέσσαρα.
1331 2078 1512 2146 <118>
1538 2073 1699 2140 οὗτος
1727 2079 1894 2147 ἔχωσε

200 2166 300 2217 τὸν
346 2163 708 2234 Εὐρύχωρον,
763 2167 861 2218 τόν
906 2184 963 2217 τε
1018 2173 1264 2235 χρυσοῦν
1318 2169 1477 2220 κίονα
1532 2168 1629 2219 τὸν
1675 2165 1736 2219 ἐν
1781 2176 1897 2228 τοῖς

200 2260 302 2306 τοῦ
330 2254 469 2315 Διὸς
499 2252 792 2321 ἀνέθηκεν,
825 2256 903 2306 ἔτι
935 2273 992 2306 τε
1023 2254 1167 2323 ὕλην
1199 2254 1381 2318 ξύλων
1409 2254 1672 2308 ἀπελθὼν
1696 2256 1895 2319 ἔκοψεν

201 2340 309 2395 ἀπὸ
348 2348 448 2394 τοῦ
488 2341 790 2410 λεγομένου
838 2344 1003 2412 ὄρους
1042 2343 1320 2412 Λιβάνου,
1368 2342 1595 2413 κέδρινα
1642 2342 1789 2408 ξύλα,
1817 2345 1895 2406 εἰς

201 2431 298 2494 τὰς
350 2439 462 2483 τῶν
511 2430 674 2498 ἱερῶν
723 2429 938 2499 στέγας,
992 2432 1248 2485 καθελών
1295 2451 1352 2485 τε
1398 2433 1464 2484 τὰ
1519 2431 1718 2502 ἀρχαῖα
1775 2433 1895 2502 ἱερὰ

200 2521 428 2582 καινοὺς
472 2521 644 2582 ναοὺς
690 2514 1035 2590 ᾠκοδόμησε,
1081 2523 1144 2574 τό
1182 2540 1240 2573 τε
1279 2529 1380 2574 τοῦ
1419 2518 1758 2590 Ἡρακλέους
1803 2518 1896 2574 καὶ

201 2615 296 2675 τῆς
336 2604 632 2676 Ἀστάρτης
678 2606 900 2677 τέμενος
947 2608 1262 2678 ἀνιέρευσε,
1315 2609 1498 2678 <119>
1546 2607 1636 2662 καὶ
1682 2611 1743 2662 τὸ
1793 2605 1894 2679 μὲν

201 2703 302 2749 τοῦ
329 2693 664 2765 “Ηρακλεόυς
694 2705 914 2764 πρῶτον
948 2697 1240 2767 ἐποιήσατο
1273 2697 1333 2750 έν
1364 2704 1439 2770 τῷ
1465 2701 1707 2771 Περιτίῳ
1742 2700 1892 2767 μηνί,

1917 1037 1959 1070 10

1918 1481 1963 1514 15

1920 1925 1963 1958 20

1919 2366 1962 2400 25

201 2779 318 2837 εἶτα
353 2786 414 2838 τὸ
446 2792 540 2854 τῆς
572 2783 883 2856 Ἀστάρτης,
923 2786 1084 2840 ὁπότε
1110 2785 1398 2850 Ἰτυκαίοις
1430 2786 1891 2858 ἐπεστρατεύσατο
1916 2808 1960 2841 30
2031 2804 2032 2858 ἦ

202 2873 276 2941 μὴ
316 2871 648 2927 ἀποδιδοῦσι
687 2876 815 2936 τοὺς
852 2875 1087 2944 φόρους,
1135 2875 1231 2938 οὓς
1276 2873 1369 2929 καὶ
1406 2874 1678 2939 ὑποτάξας
1717 2874 1890 2946 ἑαυτῷ
