2032 3128
238 94 265 144 1
276 93 344 146 10
662 95 786 137 ΤΟΤ
817 95 1156 137 ΙΟΤΔΑῙΚΟΤ
1185 94 1493 136 ΠΟΛΕΜΟΥ

233 226 711 296 ἀναχωρήσαντες,
773 229 904 281 ὄντα
959 227 1280 296 ὀκτώπηχυν
1334 228 1394 280 τὸ
1449 223 1638 296 εὖρος,
1701 228 1910 295 ἔμενον.

232 314 411 383 <280>
445 316 547 368 δύο
579 335 640 382 γε
671 316 780 384 μὴν
812 326 923 368 τῶν
957 314 1262 383 ἐπισήμων,
1291 317 1470 384 παρὸν
1495 320 1747 383 σωθῆναι
1777 315 1913 385 πρὸς

227 400 523 471 Ῥωμαίους
567 411 920 471 μεταστᾶσιν,
968 403 1000 471 ἢ
1051 404 1427 473 διακαρτερεῖν
1465 405 1602 471 πρὸς
1639 404 1740 471 τὴν
1779 403 1911 471 μετὰ

229 499 341 542 τῶν
380 491 563 543 ἄλλων
602 492 789 560 τύχην,
831 489 1059 553 ἑαυτοὺς
1098 493 1330 559 ἔρριψαν
1369 493 1447 554 εἰς
1479 492 1540 544 τὸ
1572 500 1682 559 πῦρ
1713 489 1802 544 καὶ
1835 498 1909 564 τῷ

229 584 344 648 ναῷ
385 577 917 648 συγκατεφλέγησαν,
956 580 1176 647 Μήιρός
1213 573 1272 631 θ’
1308 579 1429 641 υίὸς
1459 582 1640 647 Βελγᾶ
1678 577 1768 631 καὶ
1803 575 1912 632 Ἰώ-

230 679 402 733 σηπος
440 670 708 719 Δαλαίου.

339 754 521 823 <281>
553 753 806 823 Ῥωμαῖοι
846 753 907 807 δὲ
947 755 1179 823 μάταιον
1213 755 1316 823 τὴν
1350 753 1436 807 ε’πὶ
1468 764 1582 817 τοῖς
1611 753 1764 824 πέριξ
1795 773 1914 822 φει-

231 842 310 894 δὼ
348 845 633 911 κρίναντες
670 850 770 896 τοῦ
809 851 950 895 ναοῦ
987 841 1334 912 φλεγομένου
1372 843 1550 896 πάντα
1591 845 1914 910 συνενεπίμ-

229 945 466 998 πρασαν,
497 931 562 983 τά
594 950 650 983 τε
683 933 916 995 λείψανα
939 940 1050 984 τῶν
1083 941 1260 985 στοῶν
1291 930 1381 984 καὶ
1415 932 1512 993 τὰς
1542 932 1734 998 πύλας,
1771 931 1915 998 πλὴν

230 1019 352 1086 δύο,
391 1026 487 1087 τῆς
526 1015 626 1087 μὲν
665 1018 725 1071 ε’κ
763 1028 874 1071 τῶν
915 1018 1257 1072 ἀνατολικῶν
1295 1026 1390 1087 τῆς
1430 1017 1479 1072 δ’
1520 1019 1578 1072 ἐκ
1617 1021 1914 1087 μεσημβρι-

227 1113 347 1174 νῆς·
403 1105 494 1159 καὶ
544 1108 744 1168 ταύτας
789 1107 1024 1177 ὕστερον
1063 1106 1424 1171 κατέσκαψαν.
1503 1107 1685 1176 <282>
1728 1108 1915 1159 ἔκαιον

229 1190 291 1245 δὲ
329 1192 420 1246 καὶ
451 1195 516 1247 τὰ
556 1196 949 1264 γαζοφυλάκια,
993 1195 1053 1248 ἐν
1093 1189 1175 1258 οἷς
1213 1197 1443 1265 ἄπειρον
1483 1192 1584 1264 μὲν
1622 1195 1913 1264 χρημάτων

227 1286 441 1350 πλῆθος
485 1283 701 1351 ἄπειροι
749 1282 799 1336 δ’
846 1282 1076 1351 ἐσθῆτες
1113 1282 1202 1336 καὶ
1249 1284 1389 1336 ἄλλα
1428 1286 1705 1352 κειμήλια,
1755 1296 1915 1335 συνε-

228 1372 380 1423 λόντι
428 1369 479 1423 δ’
522 1373 723 1441 εἰπεῖν,
768 1379 874 1434 πᾶς
913 1372 942 1426 ὁ
978 1369 1265 1426 Ἰουδαίων
1314 1373 1621 1442 σεσώρευτο
1661 1375 1913 1438 πλοῦτος,

227 1458 715 1527 ἀνεσκευασμένων
763 1459 877 1513 ε’κεῖ
917 1469 1028 1512 τῶν
1073 1465 1242 1512 οἴκων
1281 1469 1391 1513 τῶν
1431 1459 1701 1529 εὐπόρων.
1779 1454 1914 1526 ἧκον

228 1543 288 1598 δὲ
327 1545 418 1599 καὶ
457 1546 544 1599 ἐπὶ
576 1548 676 1616 τὴν
708 1548 907 1616 λοιπὴν
939 1548 1108 1601 στοὰν
1139 1554 1239 1600 τοῦ
1269 1547 1479 1612 ἔξωθεν
1513 1548 1692 1618 ἱεροῦ·
1734 1545 1915 1615 <283>

226 1637 627 1705 καταπεφεύγει
668 1633 717 1689 δ’
757 1634 839 1689 ἐπ’
880 1636 1055 1706 αὐτὴν
1095 1635 1200 1690 ἀπὸ
1244 1644 1343 1689 τοῦ
1377 1637 1556 1705 δήμου
1589 1636 1790 1704 γύναια
1825 1632 1916 1687 καὶ

227 1724 526 1792 σύμμικτος
581 1726 741 1794 ὄχλος
795 1729 1049 1788 πλεῖστος
1099 1727 1177 1788 εἰς
1230 1722 1643 1794 ἑξακισχιλίους.
1717 1722 1914 1791 <284>

224 1810 357 1882 πρὶν
409 1810 470 1865 δὲ
518 1815 774 1883 Καίσαρα
828 1816 1020 1883 κρῖναί
1067 1832 1116 1866 τι
1173 1811 1298 1881 περὶ
1347 1812 1530 1866 αὐτῶν
1575 1810 1609 1879 ἢ
1660 1815 1916 1864 κελεῦσαι

225 1904 353 1964 τοὺς
398 1902 698 1970 ἡγεμόνας,
743 1906 1042 1972 φερόμενοι
1088 1912 1204 1965 τοῖς
1248 1907 1452 1971 θυμοῖς
1492 1901 1550 1953 οἰ
1591 1909 1916 1967 στρατιῶται

223 1990 325 2057 τὴν
366 1991 535 2043 στοὰν
574 1990 906 2059 ὑφάπτουσι.
968 1989 1059 2044 καὶ
1100 1988 1304 2059 συνέβη
1345 1992 1475 2052 τοὺς
1514 1985 1616 2058 μὲν
1657 1989 1915 2058 ῥιπτοῦν-

223 2098 319 2140 τας
365 2078 566 2141 αὑτοὺς
613 2078 672 2132 ἐκ
717 2087 813 2147 τῆς
858 2080 1067 2148 φλογὸς
1118 2079 1532 2147 διαφθαρῆναι,
1581 2079 1711 2138 τοὺς
1740 2074 1806 2130 δ’
1853 2076 1914 2130 ἐν

224 2165 392 2236 αὐτῇ,
431 2168 746 2235 περιεσώθη
787 2165 833 2219 δ’
875 2166 934 2219 ἐκ
972 2167 1253 2220 τοσούτων
1294 2166 1494 2228 οὐδείς.
1568 2165 1751 2234 <285>
1790 2166 1914 2219 τού-

222 2274 337 2317 τοις
384 2260 556 2318 αῖτιος
592 2262 687 2323 τῆς
734 2254 1008 2318 ἀπωλείας
1045 2257 1508 2324 ψευδοπροφήτης
1546 2274 1627 2316 τις
1665 2253 1913 2322 κατέστη,

220 2341 342 2396 κατ’
379 2343 595 2412 ἐκείνην
634 2343 873 2414 κηρύξας
911 2344 1014 2411 τὴν
1051 2342 1261 2412 ἡμέραν
1299 2353 1414 2406 τοῖς
1453 2340 1541 2395 ἐπὶ
1573 2349 1667 2410 τῆς
1704 2344 1913 2405 πόλεως

221 2431 294 2493 ὡς
334 2431 362 2485 ὁ
402 2433 536 2494 θεὸς
575 2430 664 2484 ε’πὶ
701 2433 762 2485 τὸ
806 2433 956 2500 ἱερὸν
997 2431 1270 2500 ἀναβῆναι
1308 2431 1546 2499 κελεύει,
1587 2427 1914 2498 δεξομένους

219 2520 285 2572 τὰ
319 2528 516 2589 σημεῖα
546 2527 641 2588 τῆς
673 2524 954 2590 σωτηριάς.
1032 2521 1213 2589 <286>
1251 2517 1448 2573 πολλοὶ
1488 2517 1538 2571 δ’
1576 2515 1718 2587 ἦσαν
1758 2517 1914 2586 ε’γκά-

220 2613 379 2661 θετοι
417 2609 565 2678 παρὰ
603 2617 714 2662 τῶν
754 2609 1046 2678 τυράννων
1084 2611 1206 2662 τότε
1244 2609 1381 2677 πρὸς
1422 2608 1520 2660 τὸν
1561 2608 1740 2676 δῆμον
1781 2624 1915 2675 προ-

217 2703 404 2765 φῆται,
427 2694 762 2766 προσμένειν
785 2698 886 2765 τὴν
911 2695 1016 2750 ἀπὸ
1041 2704 1141 2750 τοῦ
1165 2701 1306 2749 θεοῦ
1329 2697 1600 2764 βοήθειαν
1624 2695 1916 2763 καταγγέλ-

216 2788 423 2850 λοντες,
458 2784 533 2847 ὡς
563 2780 728 2853 ἧττον
759 2783 1124 2853 αὐτομολοῖεν
1147 2782 1238 2837 καὶ
1262 2786 1391 2846 τοὺς
1415 2783 1597 2836 ἐπάνω
1625 2781 1785 2845 δέους
1823 2780 1914 2835 καὶ

208 2877 468 2941 ,φυλακῆς
491 2872 827 2942 γενομένους
852 2871 1004 2936 ἐλπὶς
1027 2874 1415 2944 παρακροτοίη.
1455 2871 1638 2939 <287>
1662 2874 1913 2924 πείθεται

1937 1039 1982 1072 10

1940 1480 1982 1512 15

1939 1922 1983 1954 20

1937 2362 1979 2395 25

1939 2803 1982 2836 80
