2032 3128
184 99 293 151 210
793 99 954 140 ΚΑΤΑ
985 96 1263 140 ΑΠΙῼΝΟΣ

183 233 392 304 ἐρήμου
433 234 509 295 εἰς
543 235 868 302 Βαβυλῶνα.
946 231 1128 300 <138>
1166 232 1490 300 καταλαβὼν
1530 227 1591 284 δὲ
1629 231 1696 284 τὰ
1733 231 1870 298 πρά-

184 341 360 392 γματα
407 322 764 390 διοικούμενα
808 321 916 374 ὑπὸ
959 321 1255 373 Χαλδαίων
1294 319 1383 373 καὶ
1428 318 1868 391 διατηρουμένην

183 412 284 480 τὴν
317 413 603 478 βασιλείαν
635 410 743 462 ὑπὸ
776 418 874 463 τοῦ
913 411 1201 478 βελτίστου
1241 408 1444 477 αὐτῶν,
1482 409 1777 478 κυριεύσας
1816 408 1875 483 ἐξ.

185 500 492 569 ὁλοκλήρου
530 506 625 565 τῆς
670 503 933 566 πατρικῆς
973 496 1166 567 ἀρχῆς,
1212 506 1327 559 τοῖς
1369 493 1470 566 μὲν
1511 498 1872 566 αἰχμαλώτοις

180 585 650 658 παραγενομένοις
703 583 996 648 συνέταξεν
1051 584 1286 654 [αὐτοῖς]
1342 584 1596 648 ἀποικίας
1650 584 1710 638 ἐν
1760 594 1874 647 τοῖς
1920 606 1942 640 5

92 747 94 749 ‚
181 675 643 744 ἐπιτηδειοτάτοις
710 681 806 742 τῆς
875 676 1238 742 Βαβυλωνίας
1306 676 1495 736 τόποις
1571 672 1873 742 ἀποδεῖξαι,

180 764 361 833 <139>
399 763 563 826 αὐτὸς
603 762 647 815 δ’
683 762 788 815 ἀπὸ
829 772 940 815 τῶν
976 761 1036 815 ἐκ
1074 770 1174 815 τοῦ
1220 761 1464 831 πολέμου
1506 763 1773 830 λαφύρων
1810 764 1872 815 τό

181 873 238 906 τε
270 855 457 921 Βήλου
493 853 643 922 ἱερὸν
673 850 764 904 καὶ
795 853 862 903 τὰ
895 852 1060 904 λοιπὰ
1097 852 1376 920 κοσμήσας
1410 854 1732 920 φιλοτίμως,
1771 853 1872 920 τήν

181 961 238 995 τε
270 941 629 1011 ὑπάρχουσαν
662 939 715 1003 ἐξ
749 939 918 1009 ἀρχῆς
955 941 1120 993 πόλιν
1153 939 1511 1002 ἀνακαινίσας
1550 937 1641 992 καὶ
1682 937 1871 1008 ἑτέραν

182 1029 390 1094 ἔξωθεν
433 1029 942 1099 προσχαρισάμενος
987 1026 1078 1080 καὶ
1125 1027 1438 1096 ἀναγκάσας
1483 1030 1620 1099 πρὸς
1665 1029 1726 1081 τὸ
1774 1048 1872 1096 μη-
1900 1051 1943 1083 10

179 1117 293 1172 κέτι
335 1118 614 1171 δύνασθαι
662 1118 791 1178 τοὺς
836 1120 1272 1185 πολιορκοῦντας
1317 1118 1415 1170 τὸν
1452 1117 1702 1184 ποταμὸν
1742 1115 1872 1168 ἀνα-

181 1206 519 1277 στρέφοντας
560 1203 647 1257 ἐπὶ
694 1205 796 1273 τὴν
834 1206 999 1257 πόλιν
1037 1205 1476 1271 κατασκευάζειν,
1521 1204 1874 1274 περιεβάλετο

179 1305 326 1365 τρεῖς
372 1291 473 1364 μὲν
513 1301 606 1362 τῆς
645 1294 811 1346 ἔνδον
850 1295 1063 1356 πόλεως
1107 1295 1458 1363 περιβόλους,
1496 1302 1642 1363 τρεῖς
1681 1292 1743 1345 δὲ
1781 1300 1896 1361 τῆς,

181 1385 280 1448 ἔξω
314 1384 545 1450 τούτων,
584 1384 713 1444 τοὺς
744 1378 847 1450 μὲν
880 1380 935 1444 ἐξ
969 1381 1136 1450 ὀπτῆς
1166 1383 1413 1434 πλίνθου
1445 1379 1536 1434 καὶ
1568 1379 1874 1451 ἀσφάλτου,

177 1476 307 1535 τοὺς
355 1469 415 1524 δὲ
464 1471 516 1535 ἐξ
566 1470 733 1539 αὐτῆς
782 1477 876 1538 τῆς
929 1472 1190 1523 πλίνθου.
1268 1470 1450 1539 <14Ο>
1499 1467 1587 1523 καὶ
1638 1472 1876 1540 τειχίσας
1902 1494 1944 1527 15
2007 1472 2011 1476 ’

180 1561 481 1629 ἀξιολόγως
534 1561 635 1627 τὴν
690 1561 880 1627 πόλιν,
945 1557 1035 1612 καὶ
1089 1561 1220 1622 τοὺς
1277 1562 1536 1622 πυλῶνας
1596 1561 1877 1628 κοσμήσας

183 1651 537 1720 ἱεροπρεπῶς,
575 1650 1084 1718 προσκατεσκεύασε
1115 1657 1230 1711 τοῖς
1259 1657 1544 1718 πατρικοῖς
1574 1650 1877 1717 βασιλείοις

181 1738 339 1810 ἕτερα
377 1741 629 1807 βασίλεια
669 1736 901 1807 ἐχόμενα
941 1736 1187 1806 ἐκείνων,
1227 1733 1305 1790 ὧν
1345 1739 1405 1791 τὸ
1446 1734 1548 1806 μὲν
1587 1736 1875 1805 ἀνάστημα

179 1826 271 1881 καὶ
323 1828 424 1895 τὴν
471 1827 670 1895 λοιπὴν
716 1824 1076 1880 πολυτέλειαν
1122 1827 1335 1895 μακρὸν
1383 1831 1516 1889 ἴσως
1569 1827 1720 1878 ἔσται
1776 1824 1874 1878 ε’άν

181 1937 263 1978 τις
302 1915 583 1984 ἐξηγῆται,
629 1916 773 1984 πλὴν
813 1916 947 1968 ὄντα
993 1912 1046 1983 γ’
1078 1916 1157 1977 εἰς
1193 1914 1512 1984 ὑπερβολὴν
1552 1915 1625 1977 ὡς
1663 1914 1872 1983 μεγάλα
1897 1940 1942 1972 20

180 2003 271 2058 καὶ
339 2004 666 2074 ὑπερήφανα
731 2001 1102 2073 συνετελέσθη
1172 2002 1399 2073 ἡμέραις
1467 2004 1873 2056 πεντεκαίδεκα.

110 2112 117 2117 ·
179 2093 362 2162 <141>
427 2092 487 2146 έν
550 2091 610 2146 δὲ
676 2102 790 2155 τοῖς
857 2096 1158 2162 βασιλείοις
1225 2094 1442 2156 τούτοις
1510 2091 1871 2161 ἀναλήμματα

90 2728 148 2767 20

179 2185 372 2235 λίθινα
426 2182 611 2250 ὑψηλὰ
663 2181 1105 2250 ἀνοικοδομήσας
1158 2181 1249 2235 καὶ
1303 2183 1405 2250 τὴν
1453 2183 1585 2246 ὄψιν
1632 2180 1874 2243 ἀποδοὺς

179 2270 510 2340 ὁμοιοτάτην
551 2279 665 2333 τοῖς
704 2272 874 2341 ὄρεσι,
920 2272 1337 2339 καταφυτεύσας
1376 2268 1632 2341 δένδρεσι
1671 2287 1871 2323 παντο-

179 2361 374 2422 δαποῖς
414 2358 783 2429 ἐξειργάσατο,
823 2358 913 2412 καὶ
953 2360 1360 2422 κατασκευάσας
1397 2361 1495 2412 τὸν
1526 2359 1872 2428 καλούμενον
1896 2382 1942 2415 25

179 2450 489 2519 κρεμαστὸν
523 2448 861 2519 παράδεισον
895 2450 987 2501 διὰ
1025 2451 1088 2502 τὸ
1128 2450 1230 2518 τὴν
1269 2457 1506 2517 γυναῖκα
1545 2448 1717 2501 αὐτοῦ
1757 2447 1871 2500 ε’πι-

178 2542 385 2607 θυμεῖν
439 2546 536 2605 τῆς
588 2537 772 2606 ὀρείας
826 2536 1158 2607 διαθέσεως,
1211 2535 1599 2607 τεθραμμένην
1651 2535 1711 2589 ἐν
1758 2546 1874 2599 τοῖς

178 2627 314 2679 κατὰ
352 2627 455 2694 τὴν
493 2626 724 2695 Μηδίαν
762 2626 983 2690 τόποις.’

294 2714 476 2784 <142>
508 2723 678 2772 ταῦτα
709 2711 810 2784 μὲν
843 2711 1006 2778 οὗτος
1039 2717 1289 2786 ἱστόρηκε
1329 2713 1453 2784 περὶ
1484 2722 1584 2768 τοῦ
1615 2732 1871 2783 προειρη-

179 2802 352 2871 μένου
390 2803 682 2873 βασιλέως,
730 2802 823 2857 καὶ
869 2805 1045 2858 πολλὰ
1083 2806 1221 2874 πρὸς
1258 2805 1474 2866 τούτοις
1514 2803 1574 2856 ἐν
1611 2811 1675 2873 τῇ
1715 2807 1870 2873 τρίτῃ
1895 2826 1939 2857 30

179 2894 353 2963 βίβλῳ
386 2901 497 2945 τῶν
528 2894 876 2961 Χαλδαϊκῶν,
917 2892 977 2946 ἐν
1009 2887 1044 2963 ᾖ
1084 2892 1352 2963 μέμφεται
1385 2901 1499 2955 τοῖς
1531 2890 1874 2960 Ἑλληνικοῖς
