2032 3128
708 82 918 124 ΛΟΓΟΣ
950 83 1251 124 ΠΕΜΠΤΟΣ
1749 79 1816 131 31

141 217 364 284 χρόνον,
412 214 695 283 λιτοτέραν
736 214 789 267 δ’
817 215 1214 284 ἀνελάμβανεν,
1264 215 1424 269 ὁπότε
1465 212 1515 268 δ’
1546 216 1708 268 εἰσίοι
1745 216 1824 276 εἰς

139 305 200 356 τὸ
239 304 473 357 ἄδυτον·
520 301 692 373 εἰσῄει
733 301 787 356 δ’
814 302 954 367 ἅπαξ
1001 301 1123 356 κατ’
1155 303 1410 357 ἐνιαυτὸν
1450 305 1643 371 μόνος,
1689 301 1750 356 ἐν
1789 297 1825 373 ᾖ

139 392 426 458 νηστεύειν
464 393 594 454 ἔθος
630 389 807 462 ἡμέρᾳ
843 391 1050 454 πάντας
1087 398 1160 462 τῷ
1199 397 1331 462 θεῷ.

251 480 432 548 <237>
471 477 561 531 καὶ
599 480 664 531 τά
703 477 804 548 μὲν
841 477 967 548 περὶ
1004 485 1098 547 τῆς
1142 481 1352 541 πόλεως
1397 477 1488 532 καὶ
1527 486 1626 532 τοῦ
1665 486 1822 546 ναοῦ,

94 589 114 620 5
139 577 248 620 τῶν
286 565 336 620 τ’
369 565 457 620 ε’πὶ
495 568 711 630 τούτοις
750 567 902 621 ἐθῶν
941 565 1031 620 καὶ
1069 570 1277 636 νόμων,
1317 563 1483 629 αὖθις
1514 565 1823 636 ἀκριβέστε-

139 676 240 725 ρον
281 654 540 725 ἐροῦμεν·
584 655 651 709 οὐ
690 657 794 724 γὰρ
836 656 1020 724 ὀλίγος
1060 655 1185 726 περὶ
1224 655 1407 709 αὐτῶν
1445 659 1823 709 καταλείπεται

138 747 325 812 λόγος·
380 744 560 814 (238)
618 745 646 813 ἡ
702 742 754 797 δ’
796 743 1061 798 Ἀντωνία
1115 745 1250 797 κατὰ
1308 747 1517 812 γωνίαν
1568 740 1669 812 μὲν
1721 745 1823 797 δύο

138 842 316 888 στοῶν
356 835 528 886 ἔκειτο
567 840 666 886 τοῦ
704 835 926 902 πρώτου
968 834 1145 903 ἱεροῦ,
1188 840 1282 900 τῆς
1320 852 1376 886 τε
1415 834 1552 902 πρὸς
1590 830 1825 900 ἑσπέραν

136 920 228 975 καὶ
268 929 364 990 τῆς
401 923 539 991 πρὸς
577 923 800 990 ἄρκτον,
841 923 1111 991 δεδόμητο
1144 919 1194 974 δ’
1223 918 1363 990 ὑπὲρ
1395 920 1593 988 πέτρας
1630 938 1824 988 πεντη-

69 1030 114 1061 10
135 1011 513 1080 κονταπήχους
551 1007 653 1079 μὲν
683 1011 850 1079 ὕψος,
895 1013 1270 1080 περικρήμνου
1311 1007 1372 1063 δὲ
1410 1010 1599 1078 πάσης.
1661 1011 1825 1078 ἔργον

139 1096 191 1150 δ’
226 1094 296 1167 ἦν
329 1097 587 1168 “Ηρώδου
626 1108 726 1153 τοῦ
764 1099 1056 1168 βασιλέως,
1105 1098 1165 1152 ἐν
1205 1093 1247 1171 ᾧ
1288 1099 1522 1167 μάλιστα
1560 1099 1621 1151 τὸ
1660 1098 1825 1167 φύσει

136 1189 484 1256 μεγαλόνουν
531 1187 860 1251 ἐπεδείξατο.
945 1188 1126 1256 <239>
1177 1197 1397 1256 πρῶτον
1451 1183 1552 1256 μὲν
1607 1187 1710 1256 γὰρ
1767 1185 1826 1239 ἐκ

137 1276 285 1346 ῥίζης
330 1276 364 1344 ἡ
410 1274 580 1345 πέτρα
626 1275 788 1340 πλαξὶ
834 1266 1139 1330 κεκάλυπτο
1184 1280 1355 1340 λείαις
1400 1279 1597 1343 λίθων,
1645 1281 1723 1338 εἴς
1766 1294 1824 1328 τε

133 1365 333 1427 κάλλος
386 1363 476 1418 καὶ
531 1366 606 1428 ὡς
660 1364 1031 1420 ἀπολισθάνοι
1083 1373 1188 1428 πᾶς
1243 1367 1272 1419 ὁ
1327 1367 1689 1435 προσβαίνειν
1735 1361 1824 1416 καὶ

69 1472 110 1504 15
135 1453 378 1507 κατιέναι
425 1456 787 1523 πειρώμενος·
833 1454 1015 1524 <24Ο>
1054 1456 1236 1508 ἔπειτα
1274 1455 1380 1523 πρὸ
1420 1461 1516 1522 τῆς
1552 1460 1651 1507 τοῦ
1691 1453 1822 1521 πύρ-

134 1560 240 1607 γου
288 1543 571 1611 δομήσεως
615 1552 784 1613 τριῶν
830 1546 1051 1612 πήχεων
1087 1552 1266 1614 τεῖχος
1311 1539 1399 1612 ἧν,
1446 1540 1716 1611 ἐνδοτέρω
1766 1538 1827 1593 δὲ

133 1631 334 1684 τούτου
372 1632 433 1683 τὸ
480 1638 591 1684 πᾶν
630 1631 915 1701 ἀνάστημα
962 1639 1058 1701 τῆς
1094 1630 1393 1693 Ἀντωνίας
1441 1628 1527 1683 ἐπὶ
1574 1629 1826 1698 τετταρά-

132 1738 301 1772 κοντα
347 1721 538 1789 πήχεις
575 1720 839 1790 ἠγείρετο.
917 1720 1100 1789 <241>
1138 1722 1198 1773 τὸ
1240 1718 1288 1772 δ’
1323 1720 1489 1772 ἔνδον
1528 1720 1827 1788 βασιλείων

133 1803 242 1876 εἶχε
297 1809 484 1877 χώραν
532 1807 624 1861 καὶ
673 1809 958 1862 διάθεσιν
1014 1807 1304 1878 μεμέριστο
1362 1809 1466 1877 γὰρ
1514 1809 1593 1871 εἰς
1645 1814 1827 1859 πᾶσαν

6 1935 9 1937 -
65 1915 108 1947 20
132 1901 302 1949 οἴκων
342 1895 498 1950 ἰδέαν
536 1917 594 1950 τε
631 1895 723 1950 καὶ
771 1906 989 1967 χρῆσιν,
1035 1898 1298 1968 περίστοά
1337 1917 1394 1950 τε
1432 1895 1522 1950 καὶ
1562 1899 1826 1965 βαλανεῖα

129 1983 219 2037 καὶ
268 1985 656 2054 στρατοπέδων
711 1986 881 2049 αὐλὰς
933 1990 1212 2080 πλατείας,
1266 1987 1340 2049 ὡς
1385 1992 1460 2058 τῷ
1517 1982 1618 2054 μὲν
1663 1982 1816 2037 πάντ’

130 2075 277 2142 ἔχειν
324 2075 389 2126 τὰ
435 2076 672 2145 χρειώδη
726 2077 885 2137 πόλις
932 2072 1076 2128 εἶναι
1124 2076 1331 2143 δοκεῖν,
1382 2081 1448 2144 τῇ
1503 2076 1797 2127 πολυτελεί
1774 2094 1828 2125 ἀ

132 2159 193 2214 δε
224 2164 523 2230 βασίλειον.
586 2163 768 2234 (242)
799 2165 1136 2233 πυργοειδὴς
1169 2160 1219 2217 δ’
1239 2159 1379 2217 οὖσα
1410 2165 1471 2216 τὸ
1503 2171 1614 2215 πᾶν
1647 2169 1826 2231 σχῆμα

130 2251 265 2303 κατὰ
304 2254 517 2318 γωνίαν
556 2250 842 2321 τέτταρσιν
884 2251 1089 2323 ἑτέροις
1128 2254 1410 2321 διείληπτο
1450 2253 1707 2322 πύργοις,
1749 2246 1826 2302 ὧν

64 2358 107 2391 25
131 2339 190 2391 οί
224 2336 327 2408 μὲν
366 2340 525 2393 άλλοι
563 2342 904 2408 πεντηκοντα
943 2343 1004 2395 τὸ
1043 2341 1201 2410 ὕψος,
1241 2341 1270 2395 ὁ
1312 2339 1363 2394 δ’
1393 2339 1480 2393 ἐπὶ
1519 2348 1584 2410 τῇ
1624 2354 1828 2409 μεσημ-

130 2430 294 2497 βρινῇ
343 2428 436 2481 καὶ
476 2426 597 2482 κατ’
627 2430 904 2498 ἀνατολὴν
943 2434 1121 2502 γωνίᾳ
1157 2431 1410 2499 κείμενος
1449 2427 1827 2499 ἑβδομήκοντα

128 2518 349 2586 πήχεων
403 2513 494 2586 ἦν,
549 2517 623 2580 ὡς
675 2524 930 2586 καθορᾶν
985 2518 1119 2572 ὅλον
1173 2515 1268 2571 ἀπ’
1314 2518 1488 2571 αὐτοῦ
1543 2518 1604 2571 τὸ
1661 2517 1828 2587 ἱερόν.

129 2606 314 2674 <243>
360 2604 494 2658 καθ’
529 2606 562 2659 ἃ
604 2604 665 2659 δὲ
706 2614 946 2675 συνῆπτε
984 2617 1102 2670 ταῖς
1146 2615 1247 2661 τοῦ
1297 2608 1451 2675 ἱεροῦ
1492 2614 1699 2673 στοαῖς,
1748 2606 1828 2667 εἰς

128 2692 443 2770 ἀμφοτέρας
473 2690 583 2764 εἶχε
615 2696 960 2764 καταβάσεις,
993 2691 1066 2748 δι’
1086 2691 1165 2748 ὧν
1193 2698 1474 2758 κατιόντες
1498 2695 1557 2748 οἱ
1584 2691 1825 2763 φρουροὶ

60 2802 104 2834 30
128 2781 312 2850 <244>
353 2780 626 2854 (καθῆστο
675 2785 780 2853 γὰρ
829 2782 913 2836 ἀεὶ
962 2781 1047 2836 ἐπ’
1087 2784 1255 2852 αὐτῆς
1301 2784 1480 2852 τάγμα
1521 2780 1826 2852 Ῥωμαίων)

127 2868 219 2922 καὶ
267 2872 611 2941 διιστάμενοι
663 2870 788 2941 περὶ
836 2873 932 2935 τάς
979 2873 1142 2935 στοὰς
1192 2873 1326 2942 μετὰ
1373 2881 1484 2925 τῶν
1532 2871 1719 2924 ὅπλων
1767 2870 1827 2923 ἐν
