2032 3128
687 127 790 168 ΕΙΣ
820 125 1256 168 ΜΑΚΚΑΒΑΙΟΤΣ
1706 123 1812 176 307

135 257 225 311 καὶ
261 256 769 327 μεταδιαιτηθέντες
799 257 1171 328 ἐντρυφήσατε
1204 267 1321 321 ταῖς
1350 261 1604 328 νεότησιν
1635 259 1811 328 ὑμῶν,

135 348 275 414 ἐπεί,
335 346 432 399 ε’ὰν
486 346 719 413 ὀργίλως
771 366 836 415 με
891 348 1168 414 διαθῆσθε
1223 347 1314 399 διὰ
1367 354 1463 415 τῆς
1514 347 1814 416 ἀπειθείας,

134 432 472 501 ἀναγκάσετέ
528 453 593 502 με
655 432 743 487 ἐπὶ
805 435 1014 496 δειναῖς
1074 434 1365 487 κολάσεσιν
1422 434 1519 488 ἕνα
1584 434 1814 489 ἕκαστον

133 524 289 591 ὑμῶν
330 523 421 575 διὰ
466 532 576 574 τῶν
615 522 875 590 βασάνων
914 520 1190 575 ἀπολέσαι.
1267 522 1413 591 <99>
1459 527 1813 593 κατελεήσατε

86 633 107 665 5
131 606 235 664 οὖν
274 608 527 677 ἑαυτούς,
574 610 671 672 οὓς
715 608 806 662 καὶ
845 610 875 663 ὁ
914 609 1174 679 πολέμιος
1212 612 1382 678 ἔγωγε
1428 609 1518 663 καὶ
1564 620 1660 680 τῆς
1695 613 1813 680 ἡλι-

130 702 249 762 κίας
287 697 375 752 καὶ
416 705 512 765 τῆς
550 698 854 768 εὐμορφίας
893 700 1246 767 οἰκτείρομαι,
1283 697 1374 751 καὶ
1416 701 1812 767 διαλογίσασθε

129 785 292 840 τοῦθ’
338 787 424 840 ὅτι
485 783 653 839 οὐδὲν
704 786 839 855 ὑμῖν
901 785 1262 856 ἀπειθήσασι,
1323 788 1468 856 πλὴν
1520 795 1619 840 τοῦ
1680 789 1813 856 μετὰ

131 878 411 943 στρεβλῶν
471 873 810 943 ἀποθανεῖν,
873 874 1188 928 ἀπόκειται.’
1277 875 1459 944 <100>
1519 884 1689 929 ταῦτα
1750 874 1812 929 δὲ

128 965 299 1016 εἰπὼν
339 962 624 1016 ἐκέλευσεν
663 963 743 1025 εἰς
780 963 1170 1032 τοῦμπροσθεν
1209 970 1438 1031 τεθῆναι
1475 965 1541 1016 τὰ
1587 967 1813 1031 βασανι-

62 1075 105 1106 10
129 1053 340 1119 στήρια,
373 1051 522 1113 ὅπως
551 1049 642 1103 καὶ
673 1052 766 1103 διὰ
797 1060 897 1105 τοῦ
924 1053 1104 1121 φόβου
1129 1054 1368 1105 πείσειεν
1392 1051 1594 1114 αὐτοὺς
1623 1071 1812 1121 μιαρο-

58 1208 61 1211 ,
126 1147 388 1208 φαγῆσαι.
465 1140 539 1201 ὡς
585 1136 646 1192 δὲ
693 1141 924 1208 τροχούς
969 1160 1025 1192 τε
1071 1138 1163 1193 καὶ
1217 1149 1401 1210 χεῖρας
1446 1141 1675 1210 σιδηρᾶς
1719 1139 1812 1193 καὶ

126 1228 482 1296 ἀρθρέμβολα
545 1229 951 1298 στρεβλωτήριά
1015 1248 1071 1281 τε
1133 1226 1223 1281 καὶ
1284 1235 1655 1298 τροχαντῆρας
1720 1227 1812 1282 καὶ

124 1315 456 1378 καταπέλτας
511 1315 600 1368 καὶ
646 1316 877 1384 λέβητας
922 1317 1131 1384 τήγανά
1177 1336 1233 1369 τε
1285 1315 1376 1369 καὶ
1426 1318 1809 1387 δακτυλήθρας

124 1403 214 1457 καὶ
261 1413 475 1473 σφῆνας
521 1403 612 1457 καὶ
658 1406 723 1457 τὰ
773 1406 990 1470 ζώπυρα
1037 1413 1135 1458 τοῦ
1180 1407 1354 1473 πυρὸς
1401 1405 1460 1458 οἱ
1501 1406 1807 1475 δορυφόροι

58 1515 101 1548 15
123 1491 457 1561 προέθεσαν,
487 1492 786 1562 ὑπολαβὼν
811 1493 839 1546 ὁ
872 1494 1143 1562 τύραννος
1173 1495 1275 1562 ἔφη
1310 1493 1491 1561 <101>
1518 1492 1809 1563 “μειράκια,

123 1583 427 1650 φοβήθητε,
465 1579 556 1634 καὶ
594 1581 664 1649 ἣν
698 1580 928 1650 σέβεσθε
970 1583 1131 1649 δίκην
1170 1583 1328 1644 ἵλεως
1366 1581 1500 1649 ὑμῖν
1536 1583 1686 1634 ἔσται
1726 1579 1803 1634 δι’

124 1668 370 1738 ἀνάγκην
415 1669 903 1739 παρανομήσασιν.’
969 1673 1026 1722 οἳ
1070 1667 1130 1722 δὲ
1177 1669 1511 1733 ἀκούσαντες
1554 1670 1809 1738 ἐπαγωγὰ

125 1758 338 1827 ῥήματα
375 1756 466 1810 καὶ
491 1758 741 1826 ὁρῶντες
781 1759 936 1811 δεινὰ
973 1758 1040 1811 οὐ
1079 1760 1253 1826 μόνον
1287 1758 1388 1810 οὐκ
1428 1757 1810 1826 ἐφοβήθησαν,

125 1845 262 1898 ἀλλὰ
309 1844 399 1898 καὶ
447 1845 966 1915 ἀντεφιλοσόφησαν
1006 1854 1079 1917 τῷ
1120 1847 1399 1918 τυράννῳ,
1447 1844 1538 1899 καὶ
1586 1847 1677 1899 διὰ
1716 1853 1810 1914 τῆς

9 1937 13 1939 ’
58 1957 101 1989 20
124 1933 468 2001 εὐλογιστίας
515 1935 616 2002 τὴν
663 1936 968 2003 τυραννίδα
1016 1934 1194 1987 αὐτοῦ’
1234 1933 1554 1987 κατέλυσαν.
1630 1937 1807 1988 καίτοι

122 2023 501 2091 λογισώμεθα,
548 2024 601 2075 εί
644 2023 973 2093 δειλόψυχοί
1021 2042 1167 2085 τινες
1211 2018 1354 2091 ἦσαν
1400 2021 1491 2076 καὶ
1538 2023 1807 2089 ἄνανδροι

121 2109 182 2162 ἐν
228 2110 440 2178 αὐτοῖς,
492 2113 675 2173 ποιόις
729 2109 798 2163 ἂν
846 2111 1145 2181 ἐχρήσαντο
1193 2121 1307 2173 τοῖς
1353 2114 1565 2178 λόγοις;
1624 2111 1809 2179 <102>

119 2197 242 2268 οὐχὶ
273 2200 518 2263 τούτοις;
559 2195 622 2252 (ὦ
653 2200 883 2262 τάλανες
914 2199 1068 2268 ἡμεῖς
1098 2198 1188 2252 καὶ
1221 2202 1347 2254 λίαν
1379 2199 1622 2268 ἀνόητοι,
1653 2202 1807 2267 βασι-

118 2286 254 2350 λέως
291 2288 430 2356 ἡμᾶς
469 2293 918 2358 παρακαλοῦντος
955 2286 1046 2340 καὶ
1085 2286 1173 2341 ἐπὶ
1212 2288 1533 2356 εὐεργεσία-ν
1572 2292 1806 2341 καλοῦν-

51 2398 92 2430 25
117 2396 227 2444 τος,
259 2378 310 2428 εἰ
337 2379 695 2446 πεισθείημεν
720 2375 888 2449 αὐτῷ,
919 2380 977 2429 τί
1002 2378 1343 2445 βουλεύμασι
1371 2386 1553 2439 κενοῖς
1577 2374 1806 2438 ἑαυτοὺς

119 2465 491 2535 εὐφραίνομεν
544 2465 634 2518 καὶ
688 2468 1087 2534 θανατηφόρον
1142 2465 1432 2518 ἀπείθειαν
1486 2469 1799 2533 τολμῶμεν;

117 2553 298 2620 <103>
343 2554 410 2607 οὐ
455 2556 924 2623 φοβηθησόμεθα,
971 2554 1170 2623 ἄνδρες
1216 2553 1475 2623 ἀδελφοί,
1520 2554 1586 2605 τὰ
1633 2556 1802 2620 βασα-

118 2645 394 2713 νιστήρια,
440 2641 529 2695 καὶ
576 2643 918 2711 λογιούμεθα
965 2643 1061 2705 τὰς
1104 2651 1216 2695 τῶν
1258 2629 1518 2711 βασάνων
1558 2641 1802 2709 ἀπειλάς,

117 2729 207 2783 καὶ
246 2731 565 2800 φευξόμεθα
604 2733 706 2799 τὴν
745 2730 1068 2794 κενοδοξίαν
1108 2732 1311 2799 ταύτην
1351 2732 1442 2783 καὶ
1490 2731 1799 2799 ὀλεθροφό-

51 2841 92 2874 30
118 2840 219 2890 ρον
264 2818 614 2884 ἀλαζονείαν;
670 2819 980 2888 ἐλεήσωμεν
1025 2820 1119 2882 τὰς
1166 2817 1377 2872 ἑαυτῶν
1424 2818 1660 2886 ἡλικίας,
1710 2817 1801 2871 καὶ

116 2911 643 2978 κατοικτειρήσωμεν
682 2911 743 2961 τὸ
790 2916 884 2975 τῆς
931 2910 1133 2976 μητρὸς
1178 2915 1372 2977 γῆρας,
1419 2905 1510 2960 καὶ
1557 2905 1800 2975 ἐνθυμη-

1447 2993 1535 3036 20*
