2032 3128
205 106 314 158 310
760 109 862 150 ΕΙΣ
892 108 1332 151 ΜΑΚΚΑΒΑῙΟΤΣ

205 241 384 308 <118>
430 238 521 292 καὶ
566 240 1030 310 περιτετμημένον
1076 243 1182 310 ἤδη
1231 244 1372 311 ἔχων
1416 243 1478 294 τὸ
1524 250 1637 294 τῶν
1677 239 1883 295 ὀστέων

203 335 390 396 πῆγμα
444 328 472 382 ὁ
531 331 896 399 μεγαλόφρων
950 328 1042 382 καὶ
1097 325 1446 399 Ἀβραμιαῖος
1505 331 1730 392 νεανίας
1784 327 1886 382 οὐκ

207 415 510 485 ἐστέναξεν,
549 415 664 469 ἀλλ’
701 418 881 486 ὥσπερ
915 417 975 471 ἐν
1006 417 1140 487 πυρὶ
1179 420 1776 489 μετασχηματιζόμενος
1809 419 1888 481 είς

203 503 551 573 ἀφθαρσίαν,
601 505 894 575 ὑπέμεινεν
941 504 1181 575 εὐγενῶς
1226 507 1322 570 τὰς
1367 506 1652 577 στρέβλας,
1704 507 1887 576 <119>

202 592 543 662 εμιμήσασθέ
577 613 667 663 με,
706 594 980 664 ἀδελφοί,’
1022 593 1214 662 λέγων.
1285 594 1386 664 (μή
1429 616 1538 664 μου
1577 598 1673 649 τὸν
1713 597 1887 649 αἰῶνα
1930 615 1952 648 5

202 684 643 751 λιποτακτήσητε,
683 681 810 751 μηδ’
843 682 1188 752 ἐξομόσησθέ
1221 703 1330 752 μου
1361 684 1463 752 τὴν
1494 691 1587 752 τῆς
1621 681 1888 754 εὐψυχίας

201 769 563 839 ἀδελφότητα.
612 771 766 840 ἱερὰν
798 769 889 824 καὶ
921 770 1118 840 εὐγενῆ
1152 774 1441 841 στρατείαν
1477 773 1886 842 στρατεύσασθε

201 854 337 926 ὑπὲρ
371 867 464 926 τῆς
494 856 793 929 εὐσεβείας,
834 858 911 912 δι’
943 856 1007 928 ἧς
1045 861 1205 924 ἵλεως
1241 861 1274 929 ἡ
1309 862 1495 914 δικαία
1532 859 1624 914 καὶ
1662 861 1888 929 πάτριος

200 946 356 1015 ἡμῶν
387 949 621 1016 πρόνοια
660 956 733 1018 τῷ
776 950 930 1001 ἔθνει
969 954 1269 1017 γενηθεῖσα
1298 951 1595 1017 τιμωρήσει
1627 951 1726 1003 τὸν
1757 948 1887 1002 ἀλά-

202 1047 370 1103 στορα
408 1036 719 1105 τύραννον.’
783 1038 873 1089 καὶ
912 1044 1082 1090 ταῦτα
1121 1037 1291 1089 εἰπὼν
1331 1037 1360 1091 ὁ
1402 1038 1725 1106 ἱεροπρεπὴς
1762 1056 1885 1090 νεα·
1912 1057 1954 1088 10

190 1125 321 1186 ,νίας
359 1122 625 1193 ἀπέρρηξε
665 1126 766 1193 τὴν
804 1127 1004 1194 ψυχήν.

311 1212 489 1279 (120)
522 1213 934 1280 θαυμασάντων
966 1211 1027 1266 δὲ
1058 1215 1283 1267 πάντων
1313 1215 1416 1283 τὴν
1447 1217 1887 1284 καρτεροψυχίαν

183 1294 389 1367 «αὐτοῦ,
430 1296 574 1368 Ι’ἦγον
614 1302 673 1354 015
708 1302 1016 1371 δορυφόροι
1056 1304 1154 1356 τὸν
1193 1300 1322 1355 καθ’
1358 1302 1579 1371 ἡλικίαν
1617 1310 1715 1355 τοῦ
1754 1319 1887 1369 προ-

197 1386 359 1455 τέρου
416 1390 701 1458 δεύτερον,
763 1388 855 1442 καὶ
916 1391 1148 1459 σιδηρᾶς
1209 1390 1644 1461 ἐναρμοσάμενοι
1705 1396 1888 1459 χεῖρας

181 1475 343 1541 ’ὀξέσι
375 1487 489 1540 τοῖς
520 1477 713 1542 ὄνυξιν
737 1478 957 1551 ὀργάνῳ
990 1477 1294 1550 καταπέλτῃ
1323 1477 1673 1548 προσέδησαν
1698 1476 1884 1531 αὐτόν.
1911 1496 1953 1529 15

183 1565 380 1633 (121)
429 1566 502 1628 ὡς
549 1565 634 1634 δέ,
681 1568 733 1619 εί
777 1575 978 1636 φαγεῖν
1016 1569 1274 1635 βούλοιτο
1321 1565 1454 1637 πρὶν
1493 1568 1887 1636 βασανίζεσθαι

179 1656 641 1722 πυνθανόμενοι,
679 1656 781 1723 τὴν
820 1655 1016 1724 εὐγενῆ
1057 1657 1285 1725 γνώμην
1323 1657 1590 1724 ἤκουσαν,
1631 1654 1738 1707 ἀπὸ
1777 1663 1887 1708 τῶν

197 1744 470 1795 τενόντων
501 1752 618 1805 ταῖς
651 1745 905 1811 σιδηραῖς
942 1743 1133 1814 χερσὶν
1167 1744 1598 1813 ἐπισπασάμενοι
1636 1741 1794 1813 μέχρι
1825 1762 1888 1811 γε

197 1839 308 1883 τῶν
358 1834 587 1898 γενείων
633 1833 735 1900 τὴν
783 1832 956 1901 σάρκα
1003 1841 1186 1885 πᾶσαν
1233 1831 1323 1886 καὶ
1369 1832 1470 1900 τὴν
1509 1839 1604 1899 τῆς
1647 1835 1889 1900 κεφαλῆς

198 1920 371 1987 δορὰν
419 1920 477 1972 oc
524 1920 848 1989 παρδάλειοι
902 1925 1076 1990 θῆρες
1130 1918 1426 1989 ἀπέσυραν.
1511 1919 1693 1987 <122>
1749 1919 1776 1971 ὃ
1826 1915 1887 1971 δὲ
1911 1938 1955 1969 20

197 2007 402 2075 ταύτην
452 2006 663 2077 βαρέως
716 2009 817 2076 τὴν
873 2007 1157 2077 ἀλγηδόνα
1211 2018 1492 2077 καρτερῶν
1546 2009 1733 2075 ἔλεγεν
1787 2005 1888 2069 εὡς

195 2094 333 2162 ἡδὺς
371 2104 474 2158 πᾶς
511 2096 763 2150 θανάτου
795 2099 996 2165 τρόπος
1027 2097 1119 2149 διὰ
1150 2097 1253 2164 τὴν
1284 2096 1515 2166 πάτριον
1547 2095 1704 2164 ἡμῶν
1736 2093 1888 2148 εὐσέ-

197 2188 369 2252 βειαν.
455 2184 637 2252 <123>
684 2185 751 2237 οὐ
808 2186 1014 2253 δοκεῖς,
1068 2185 1291 2238 πάντων
1339 2185 1578 2253 ὠμότατε
1633 2184 1888 2252 τύραννε,

197 2276 390 2326 πλεῖον
423 2272 559 2341 ἐμοῦ
593 2288 651 2326 σε
683 2282 790 2327 νῦν
821 2275 1233 2342 βασανίζεσθαι,
1268 2273 1416 2342 ὁρῶν
1445 2286 1547 2326 σου
1579 2272 1886 2340 νικώμενον

190 2363 297 2414 τὸν
328 2368 422 2429 τῆς
461 2362 793 2428 τυραννίδος
831 2361 1193 2431 ὑπερήφανον
1225 2362 1490 2430 λογισμὸν
1521 2361 1630 2414 ὑπὸ
1662 2368 1756 2429 τῆς
1796 2361 1887 2413 διὰ
1911 2378 1953 2411 25

197 2451 298 2518 τὴν
345 2448 633 2518 εὐσέβειαν
678 2449 836 2518 ἡμῶν
882 2449 1194 2519 ὑπομονῆςς
1253 2450 1434 2518 <124>
1481 2448 1587 2518 ἐγὼ
1635 2446 1736 2518 μὲν
1781 2450 1886 2517 γὰρ

196 2547 318 2602 ταῖς
349 2539 444 2591 διὰ
475 2539 576 2606 τὴν
601 2537 803 2608 ἀρετὴν
834 2538 1062 2606 ἡδοναῖς
1091 2549 1203 2592 τῶν
1233 2541 1423 2591 πόνων
1447 2537 1888 2606 ἐπικουφίζομαι,

199 2630 269 2680 σὺ
318 2624 381 2680 δὲ
427 2626 486 2680 ἐν
533 2636 649 2690 ταῖς
694 2634 789 2696 τῆς
835 2627 1086 2695 ἀσεβείας
1132 2627 1379 2690 ἀπειλαῖς
1429 2629 1708 2696 βασανίζῃ.
1786 2626 1888 2680 οὐκ

201 2713 435 2784 ἐκφεύξῃ
478 2714 563 2784 δέ,
611 2713 916 2785 μιαρώτατε
955 2717 1219 2786 τύραννε,
1258 2717 1355 2779 τὰς
1392 2724 1486 2784 τῆς
1523 2718 1682 2777 θείας
1721 2715 1889 2784 ὀργῆς

201 2803 390 2865 δίκαςῖ
1911 2821 1954 2853 3ο

111 2903 168 2942 10
312 2891 492 2959 <125>
532 2890 620 2944 καὶ
654 2893 854 2946 τούτου
887 2891 1144 2962 ἀοίδιμον
1176 2893 1426 2946 θάνατον
1456 2893 1910 2962 καρτερήσαντος
