2032 3128
715 66 928 108 ΛΟΓΟΣ
961 66 1250 108 ΕΒΔοΜοΣ
1723 64 1830 116 135

143 195 350 267 ἡμέρας
404 196 463 249 ἐν
518 205 632 259 τοῖς
685 197 988 268 ὑπονόμοις
1048 204 1382 268 φωραθῆναι
1442 199 1831 268 παρεσκεύασε.

146 285 288 353 <36>
330 287 570 355 Καίσαρι
618 284 666 338 δ’
705 288 783 349 εἰς
827 288 928 355 τὴν
975 288 1247 354 παράλιον
1292 286 1654 340 ἐπανελθόντι
1693 289 1831 339 Και-

145 374 373 441 σάρειαν
408 376 602 442 Σίμων
633 376 923 445 προσήχθη
965 373 1282 444 δεδεμένος,
1323 376 1581 428 κάκεῖνον
1620 372 1721 444 μὲν
1752 377 1833 437 εἰς

148 461 211 513 ὃν
251 461 517 514 ἐπιτελεῖν
557 461 617 513 ἐν
649 460 821 531 Ῥώμῃ
855 464 1282 532 παρεσκευάζετο
1313 466 1598 529 θρίαμβον
1636 460 1830 529 προσέ-

101 566 123 599 5
146 549 267 613 ταξε
307 549 623 618 φυλάττειν,
662 550 806 617 <37>
847 551 1147 618 διατρίβων
1188 547 1236 600 δ’
1277 548 1480 601 αὐτόθι
1511 549 1612 616 τὴν
1642 547 1831 601 τάδελ-
1864 550 1900 601 3

146 646 257 706 φοῦ
310 636 605 705 γενέθλιον
654 637 864 707 ἡμέραν
917 637 1196 706 ἐπιφανῶς
1244 635 1500 705 ἑώρταζε,
1550 638 1692 689 πολὺ
1742 634 1833 688 καὶ

145 731 241 792 τῆς
288 735 400 778 τῶν
448 722 738 778 Ἰουδαίων
783 726 1058 788 κολάσεως
1111 727 1190 787 εἰς
1243 727 1345 794 τὴν
1399 724 1614 777 ἐκείνου
1668 725 1833 792 τιμὴν

145 811 448 875 ἀνατιθείς·
511 812 657 880 <38>
704 813 733 866 ὁ
774 813 880 880 γὰρ
921 813 1159 882 ἀριθμὸς
1197 822 1308 866 τῶν
1348 815 1408 866 ἔν
1447 832 1504 865 τε
1543 821 1661 875 ταῖς
1698 813 1835 881 πρὸς

144 900 211 952 τὰ
241 903 414 968 θηρία
445 900 642 970 μάχαις
672 899 763 952 καὶ
802 910 915 953 τῶν
954 899 1490 971 καταπιμπραμένων
1526 902 1588 953 ἔν
1618 919 1675 953 τε
1715 909 1834 962 ταῖς

77 1007 120 1038 ιο
144 986 595 1056 ἀλληλοκτονίαις
647 988 1070 1058 ἀναιρουμένων
1127 992 1522 1052 πεντακοσίους
1576 986 1663 1041 ἐπὶ
1718 997 1835 1051 τοῖς

144 1076 435 1146 δισχιλίοις
479 1076 797 1147 ὑπερέβαλε.
873 1078 1052 1130 πάντα
1099 1076 1288 1147 μέντοι
1328 1075 1612 1146 Ῥωμαίοις
1655 1075 1834 1129 ἐδόκει

140 1171 311 1217 ταῦτα
362 1167 581 1233 μυρίοις
631 1165 814 1218 αὐτῶν
864 1165 1264 1234 ἀπολλυμένων
1314 1167 1539 1235 τρόποις
1593 1164 1835 1218 ἐλάττων

140 1254 365 1315 κόλασις
403 1249 559 1306 εἶναι.

250 1342 394 1410 <39>
434 1342 567 1410 μετὰ
613 1350 776 1395 τοῦτο
817 1345 1034 1408 Καῖσαρ
1082 1344 1160 1404 εἰς
1200 1344 1456 1412 Βηρυτὸν
1506 1338 1638 1411 ἧκεν
1678 1339 1736 1413 (ἢ
1778 1341 1826 1395 δ’

72 1449 113 1481 15
141 1428 291 1482 ἐστὶν
339 1430 399 1483 ἐν
445 1438 509 1500 τῇ
553 1434 789 1502 Φοινίκῃ
828 1433 1015 1498 πόλις,
1058 1429 1339 1500 Ῥωμαίων
1379 1429 1656 1500 ἄποικος),
1703 1429 1834 1483 κάν-

138 1523 322 1571 ταῦθα
360 1518 733 1587 χρονιωτέραν
774 1518 1066 1587 ἐποιήσατο
1107 1520 1209 1588 τὴν
1250 1520 1571 1588 ἐπιδημίαν,
1616 1522 1834 1572 πλείονι

138 1608 420 1676 χρώμενος
457 1614 521 1677 τῇ
562 1610 900 1677 λαμπρότητι
938 1606 1064 1677 περὶ
1102 1610 1204 1676 τὴν
1243 1616 1342 1661 τοῦ
1381 1610 1586 1676 πατρὸς
1622 1607 1834 1677 ἡμέραν

138 1694 434 1763 γενέθλιον
483 1697 543 1747 ἔν
590 1715 647 1748 τε
694 1706 812 1758 ταῖς
856 1706 969 1749 τῶν
1018 1701 1277 1764 θεωριῶν
1323 1699 1703 1758 πολυτελείαις
1740 1694 1833 1748 καὶ

138 1785 274 1836 κατὰ
328 1784 429 1851 τὴν
484 1785 660 1853 ἄλλην
716 1784 967 1838 ἐπίνοιαν
1020 1794 1132 1838 τῶν
1193 1786 1378 1837 ἄλλων
1440 1783 1834 1852 ἀναλωμάτων.

9 1916 14 1919 «
69 1895 113 1926 20
138 1872 284 1942 <40>
324 1874 384 1926 τὸ
433 1870 494 1925 δὲ
540 1881 652 1925 τῶν
699 1874 1060 1943 αἰχμαλώτων
1106 1877 1324 1942 πλῆθος
1360 1875 1459 1926 τὸν
1498 1872 1670 1926 αὐτὸν
1707 1874 1834 1942 τρό-

135 1979 243 2014 πον
284 1961 357 2023 ὡς
395 1963 647 2031 πρόσθεν
687 1961 991 2015 ἀπώλλυτο.
1190 1954 1195 1956 ⁷

249 2050 394 2118 (41)
435 2049 699 2117 γενέσθαι
740 2047 802 2103 δὲ
842 2049 1047 2118 συνέβη
1095 2049 1219 2116 περὶ
1259 2052 1357 2103 τὸν
1395 2051 1591 2119 καιρὸν
1630 2057 1830 2103 τοῦτον
1863 2065 1890 2103 2

135 2134 227 2190 καὶ
275 2147 390 2200 τοῖς
437 2137 498 2190 ἐν
530 2136 838 2211 Ἀντιοχείᾳ
882 2149 993 2192 τῶν
1035 2136 1324 2192 Ἰουδαίων
1372 2137 1834 2206 ὑπολειπομένοις

137 2225 449 2295 ἐγκλήματα
488 2225 580 2279 καὶ
618 2229 890 2281 κίνδυνον
930 2226 1192 2296 ὀλέθρου,
1231 2236 1326 2296 τῆς
1362 2230 1575 2291 πόλεως
1616 2225 1698 2280 ἐπ’
1737 2228 1833 2280 αὐ-

67 2337 112 2370 25
136 2317 266 2377 τοὺς
304 2323 417 2367 τῶν
449 2310 776 2386 Ἀντιοχέων
818 2316 1249 2386 ἐκταραχθείσης
1296 2316 1390 2369 διά
1428 2336 1485 2369 τε
1523 2317 1618 2379 τὰς
1658 2315 1718 2368 ἐν
1758 2324 1833 2387 τῷ

134 2405 368 2473 παρόντι
394 2404 658 2473 διαβολὰς
681 2405 870 2468 αὐτοῖς
894 2404 1281 2475 ἐπενεχθείσας
1303 2403 1395 2458 καὶ
1422 2406 1513 2457 διὰ
1539 2405 1604 2457 τὰ
1628 2413 1836 2473 προϋπ-

134 2491 382 2562 ηργμένα
429 2495 612 2565 χρόνῳ
659 2496 912 2560 πρόσθεν
960 2493 1028 2546 οὐ
1081 2497 1285 2565 πολλῷ.
1362 2493 1526 2562 <42>
1579 2490 1705 2561 περὶ
1755 2486 1835 2544 ὧν

135 2580 442 2649 ἀναγκαῖόν
482 2580 598 2634 ἐστι
638 2582 730 2634 διὰ
771 2584 1065 2650 συντόμων
1103 2590 1416 2649 προειπεῖν,
1460 2582 1554 2634 ἵνα
1591 2579 1682 2634 καὶ
1722 2590 1835 2634 τῶν

134 2671 267 2739 μετὰ
307 2678 476 2723 ταῦτα
515 2669 882 2741 πραχθέντων
922 2670 1486 2741 εὐπαρακολούθητον
1521 2671 1836 2738 ποιήσωμαι

64 2750 236 2826 εοτὴν
276 2759 551 2828 διήγησιν.

245 2846 391 2915 (43)
431 2849 493 2901 τὸ
541 2849 646 2918 γὰρ
688 2846 979 2901 Ἰουδαίων
1029 2847 1191 2917 γένος
1229 2850 1372 2901 πολὺ
1414 2844 1515 2916 μὲν
1554 2848 1691 2900 κατὰ
1732 2855 1833 2900 πᾶ-
1867 2863 1892 2900 3
