2032 3128
207 100 313 152 228
811 101 969 142 ΚΑΤΑ
1000 100 1278 142 ΑΠῙῼΝΟΣ

204 233 293 287 καὶ
339 243 456 296 τοῖς
501 235 636 286 κατὰ
681 232 847 302 μέρος
890 234 1097 303 ἱερεῦσι
1134 236 1502 303 παρήγγειλεν
1541 235 1615 296 ὡς
1653 231 1887 302 ἀσφαλέ-

206 337 371 375 στατα
408 331 521 375 τῶν
558 327 710 374 θεῶν
750 322 1064 391 συγκρύψαι
1101 322 1167 374 τὰ
1209 321 1395 385 ξόανα.
1470 322 1651 390 <245>
1688 323 1786 375 τὸν
1827 318 1887 373 δὲ

204 411 331 463 υἱὸν
378 409 608 478 Σέθων,
661 412 759 464 τὸν
812 408 903 463 καὶ
954 408 1250 479 Ῥαμέσσην
1304 410 1410 464 ἀπὸ
1459 408 1738 479 Ῥάμψεως
1791 417 1890 462 τοῦ

205 499 410 567 πατρὸς
448 497 865 567 ὠνομασμένον,
901 506 1165 566 πενταετῆ
1207 500 1340 552 ὄντα
1376 497 1593 562 ἐξέθετο
1625 499 1762 565 πρὸς
1792 499 1889 550 τὸν

207 585 407 640 ἑαυτοῦ
438 590 621 657 φίλον.
675 587 842 649 αὐτὸς
874 584 935 639 δὲ
969 587 1164 656 διαβὰς
1194 596 1309 649 τοῖς
1339 588 1526 649 ἄλλοις
1549 588 1890 654 Αἰγυπτίοις,
1937 607 1957 638 5

210 670 372 728 οὖσιν
417 677 496 737 εἰς
539 675 835 742 τριάκοντα
888 675 1162 744 μυριάδας
1206 674 1429 743 ἀνδρῶν
1477 675 1893 744 μαχιμωτάτων,

206 764 384 815 καίτοι
424 771 535 824 τοῖς
572 766 857 831 πολεμίοις
896 762 1209 832 ἀπαντήσας
1248 762 1316 815 οὐ
1355 763 1675 832 συνέβαλεν,
1714 763 1894 832 (246)

207 849 346 903 ἀλλὰ
386 852 459 919 μὴ
502 852 622 904 δεῖν
653 851 952 922 θεομαχεῖν
983 854 1237 921 νομίσας,
1275 852 1725 921 παλινδρομήσας
1763 847 1894 919 ἧκεν

207 940 285 1000 εἰς
337 937 593 1008 Μέμφιν,
646 939 942 1007 ἀναλαβών
996 960 1052 993 τε
1106 943 1205 993 τόν
1258 959 1313 992 τε
1366 934 1528 993 Ἆπιν
1581 938 1672 992 καὶ
1725 936 1894 993 τᾶλλα

206 1025 420 1079 τάκεῖσε
460 1027 921 1098 μεταπεμφθέντα
954 1028 1073 1099 ἱερὰ
1107 1031 1232 1100 ζῷα,
1272 1028 1444 1091 εὐθὺς
1474 1030 1553 1091 εἰς
1585 1028 1894 1082 Αἰθιοπίαν
1919 1050 1961 1080 10

210 1117 314 1167 σὺν
369 1116 566 1168 ἅπαντι
619 1124 694 1188 τῷ
750 1119 926 1189 στόλῳ
988 1115 1080 1170 καὶ
1139 1120 1343 1186 πλήθει
1404 1126 1516 1170 τῶν
1570 1119 1894 1185 Αἰγυπτίων

206 1203 440 1273 ἀνήχθη.
502 1205 682 1274 χάριτι
721 1206 825 1274 γὰρ
864 1202 936 1274 ἦν
967 1205 1113 1276 αὐτῷ
1147 1205 1464 1276 ὑποχείριος
1495 1206 1524 1260 ὁ
1556 1215 1667 1259 τῶν
1695 1208 1894 1259 Αἰθιό-

204 1309 326 1344 πων
356 1294 638 1360 βασιλεύς·
677 1293 859 1363 <247>
891 1293 951 1356 ὃς
979 1293 1386 1363 ὑποδεξάμενος
1417 1293 1508 1347 καὶ
1539 1296 1669 1357 τοὺς
1699 1295 1897 1364 ὄχλους

205 1380 414 1443 πάντας
450 1381 751 1450 ὑπολαβὼν
784 1376 867 1446 οἷς
905 1385 1064 1453 ἔσχεν
1096 1382 1129 1451 ἡ
1168 1385 1320 1453 χώρα
1358 1393 1469 1436 τῶν
1499 1386 1638 1452 πρὸς
1676 1381 1895 1452 ἀνθρω-

206 1471 375 1537 πίνην
413 1472 631 1539 τροφὴν
667 1470 1013 1541 ἐπιτηδείων,
1051 1469 1143 1524 καὶ
1180 1475 1366 1535 πόλεις
1406 1470 1498 1525 καὶ
1537 1473 1722 1541 κώμας
1759 1472 1897 1540 πρὸς
1922 1491 1963 1523 15

205 1558 307 1625 τὴν
338 1567 451 1611 τῶν
484 1559 859 1630 πεπρωμένων
890 1562 1243 1629 τρισκαίδεκα
1282 1561 1419 1614 ἐτῶν
1452 1560 1557 1614 ἀπὸ
1597 1568 1691 1629 τῆς
1729 1559 1897 1630 ἀρχῆς

207 1646 379 1699 αὐτοῦ
412 1649 684 1701 ἔκπτωσιν
715 1648 1019 1719 αὐτάρκεις,
1059 1649 1161 1718 οὐχ
1200 1646 1366 1718 ἦττον
1396 1648 1487 1703 καὶ
1524 1650 1897 1718 στρατόπεδον

206 1736 546 1789 Αἰθιοπικὸν
593 1738 731 1807 πρὸς
776 1739 1030 1806 φυλακὴν
1069 1736 1288 1801 ἐπέταξε
1335 1747 1450 1801 τοῖς
1495 1735 1621 1807 παρ’
1662 1735 1898 1806 Ἀμενώ-

208 1842 355 1891 φεως
413 1832 515 1878 τοῦ
576 1828 844 1894 βασιλέως
906 1824 993 1878 ἐπὶ
1050 1835 1162 1879 τῶν
1220 1827 1392 1895 ὁρίων
1445 1833 1541 1896 τῆς
1595 1826 1897 1893 Αἰγύπτου.

206 1912 388 1980 <248>
426 1911 518 1965 καὶ
557 1914 622 1965 τὰ
661 1910 763 1981 μὲν
800 1914 937 1966 κατὰ
975 1916 1077 1983 τὴν
1107 1916 1418 1968 Αἰθιοπίαν
1457 1921 1702 1981 τοιαῦτα,
1743 1914 1800 1966 οἰ
1836 1911 1898 1966 δὲ
1921 1936 1964 1966 20

207 2004 517 2069 Σολυμῖται
544 2005 907 2065 κατελθόντες
932 2005 1038 2056 σὺν
1061 2012 1176 2066 τοῖς
1203 2013 1422 2072 μιαροῖς
1444 2013 1555 2056 τῶν
1575 2005 1899 2070 Αἰγυπτίων

207 2089 381 2151 οὕτως
427 2089 664 2153 ἀνοσίως
709 2100 824 2154 τοῖς
874 2090 1194 2161 ἀνθρώποις
1247 2090 1713 2161 προσηνέχθησαν
1760 2092 1897 2143 ὥστε

205 2178 307 2245 τὴν
360 2187 472 2230 τῶν
532 2178 948 2247 προειρημένων
1004 2180 1270 2250 κράτησιν
1330 2182 1541 2250 χρυσὸν
1595 2183 1899 2248 φαίνεσθαι

205 2274 320 2328 τοῖς
358 2268 480 2318 τότε
519 2267 584 2318 τὰ
615 2268 828 2320 τούτων
859 2267 1174 2337 ἀσεβήματα
1212 2267 1544 2337 θεωμένοις·
1585 2268 1767 2338 (249)
1807 2267 1898 2321 καὶ

204 2354 308 2424 γὰρ
346 2354 413 2406 οὐ
447 2357 623 2422 μόνον
653 2358 840 2418 πόλεις
878 2355 970 2409 καὶ
1009 2360 1195 2426 κώμας
1233 2356 1562 2426 ἐνέπρησαν,
1603 2353 1723 2411 οὐδ’
1756 2358 1897 2426 ίερο-
1923 2376 1965 2409 25

206 2447 505 2506 συλοῦντες
551 2441 684 2496 οὐδὲ
732 2448 1127 2514 λυμαινόμενοι
1181 2444 1352 2509 ξόανα
1407 2452 1560 2500 θεῶν
1605 2447 1897 2515 ἠρκοῦντο,

208 2531 346 2585 ἀλλὰ
393 2530 484 2584 καὶ
522 2541 639 2595 τοῖς
678 2532 902 2596 ἀδύτοις
941 2534 1222 2596 ὀπτανίοις
1260 2543 1371 2586 τῶν
1411 2533 1899 2603 σεβαστευομένων

210 2621 375 2687 ἱερῶν
417 2619 568 2692 ζῴων
607 2622 879 2691 χρώμενοι
922 2620 1225 2691 διετέλουν,
1271 2621 1362 2675 καὶ
1407 2624 1586 2685 θύτας
1631 2621 1722 2675 καὶ
1763 2636 1899 2690 σφα-

207 2718 323 2776 γεῖς
360 2710 575 2763 τούτων
615 2710 779 2779 ἱερεῖς
816 2709 906 2763 καὶ
946 2713 1232 2781 προφήτας
1273 2711 1581 2780 ἠνάγκαζον
1621 2714 1900 2779 γίνεσθαι,

208 2795 299 2849 καὶ
360 2801 609 2867 γυμνοὺς
662 2796 972 2868 ἐξέβαλλον.
1059 2798 1240 2868 <25Ο>
1293 2797 1507 2867 λέγεται
1564 2797 1613 2852 δ’
1661 2800 1744 2852 ὅτι
1797 2800 1899 2868 τὴν
1923 2819 1967 2851 3ο

208 2889 490 2940 πολιτείαν
521 2886 612 2940 καὶ
643 2889 773 2950 τοὺς
803 2878 1010 2956 νόμους
1037 2888 1224 2951 αὐτοῖς
1250 2891 1694 2957 καταβαλόμενος
1724 2889 1901 2954 ἱερεὺς
