2032 3128
707 108 918 149 ΛΟΓΟΣ
950 108 1250 150 ΠΕΜΠΤΟΣ
1782 107 1814 158 9

136 240 181 294 τ’
228 238 298 310 ἣν
337 242 475 311 πρὸς
512 242 573 294 τὸ
619 241 946 311 παράστημα
991 247 1092 294 τοῦ
1131 243 1410 310 Καίσαρος
1447 238 1540 293 καὶ
1585 242 1816 310 παρακέ-

136 334 320 392 λευσις
375 329 552 399 ὁρμᾶν
606 326 688 382 ἐπ’
749 329 947 397 αὐτόν,
1001 330 1150 398 φυγὴ
1203 326 1264 381 δὲ
1313 327 1403 382 καὶ
1451 330 1818 398 διαχωρισμὸς

135 419 348 487 ἄθρους
402 415 526 470 καθ’
593 417 688 479 οὓς
743 417 1057 470 ἐπελαύνων
1108 417 1342 484 γένοιτο.
1419 417 1562 486 <64>
1612 420 1817 486 συνήπ-

136 525 295 559 τοντο
342 503 392 558 δ’
448 506 506 559 oc
546 513 646 559 τοῦ
693 507 961 559 κινδύνου
1009 504 1323 575 μετέχοντες
1368 507 1504 558 κατὰ
1542 515 1689 559 νῶτα
1727 504 1818 558 καὶ

91 616 111 648 5
136 595 270 647 κατὰ
309 594 553 663 πλευρὰν
592 597 935 662 νυττόμενοι·
976 596 1073 663 μία
1111 594 1216 661 γὰρ
1257 593 1408 656 ἐλπὶς
1445 590 1516 662 ἧν
1550 598 1819 664 σωτηρίας

136 681 342 754 ἑκάστω
389 684 450 735 τὸ
499 682 910 750 συνεξανοίγειν
960 689 1035 753 τῷ
1085 686 1224 755 Τίτῳ
1271 681 1362 735 καὶ
1408 684 1480 751 μὴ
1523 683 1817 750 φθάσαντα

134 775 505 839 κυκλωθῆναι.
582 771 726 839 <65>
774 773 875 824 δύο
923 778 1063 839 γοῦν
1108 781 1219 824 τῶν
1267 769 1525 841 ἀπωτέρω
1572 772 1669 823 τὸν
1718 767 1818 838 μὲν

135 861 239 912 σὺν
285 867 358 930 τῷ
408 860 553 932 ἵππῳ
603 863 953 930 περισχόντες
998 863 1423 929 κατηκόντισαν,
1476 859 1717 927 θάτερον
1758 855 1819 911 δὲ

133 949 592 1017 καταπηδήσαντα
656 950 1084 1018 διαφθείραντες
1143 951 1241 1002 τὸν
1295 950 1464 1002 ἵππον
1519 947 1816 1015 ἀπήγαγον.

22 1058 111 1109 1¹⁰
135 1037 268 1104 μετὰ
315 1033 376 1089 δὲ
422 1045 532 1089 τῶν
579 1041 787 1090 λοιπῶν
843 1040 1000 1100 Τίτος
1048 1035 1135 1090 ἐπὶ
1184 1038 1246 1090 τὸ
1288 1038 1661 1107 στρατόπεδον
1702 1037 1818 1088 δια-

20 1110 24 1114 ’
133 1126 368 1189 σώζεται.

243 1214 389 1283 <66>
427 1224 541 1277 τοῖς
587 1211 689 1284 μὲν
737 1211 839 1268 οὖν
873 1213 1164 1277 Ἰουδαίοις
1210 1216 1638 1281 πλεονεκτήσασι
1685 1213 1820 1265 κατὰ

131 1304 232 1371 τὴν
281 1304 504 1372 πρώτην
555 1303 809 1356 ἐπίθεσιν
861 1303 1113 1372 ἐπήγειρε
1159 1304 1254 1365 τὰς
1301 1304 1550 1364 διανοίας
1597 1303 1822 1371 ἄσχετος

131 1390 300 1460 ἐλπίς,
338 1390 429 1444 καὶ
460 1394 602 1445 πολὺ
642 1393 855 1462 θράσος
894 1391 1080 1455 αὐτοῖς
1121 1393 1197 1454 εἰς
1235 1392 1296 1444 τὸ
1338 1393 1540 1460 μέλλον
1579 1389 1611 1457 ἡ
1652 1391 1820 1459 πρόσ-

65 1500 107 1532 15
129 1500 320 1550 καιρος
359 1480 500 1550 ῥοπὴ
540 1480 848 1549 προυξένει·
889 1481 1032 1549 <67>
1065 1483 1282 1550 Καῖσαρ
1316 1478 1363 1533 δ’
1405 1480 1479 1542 ὡς
1510 1479 1658 1550 αὐτῷ
1693 1493 1822 1532 συν-

137 1568 281 1638 έμιξε
323 1570 415 1622 διὰ
446 1572 646 1633 νυκτὸς
676 1571 737 1622 τὸ
772 1570 876 1623 ἀπὸ
915 1577 1011 1638 τῆς
1043 1567 1421 1638 Ἀμμαοῦντος
1451 1568 1648 1638 τάγμα,
1689 1565 1813 1637 μεθ’

133 1656 344 1727 ἡμέραν
377 1657 595 1711 ἐκεῖθεν
633 1659 767 1728 ἄρας
800 1657 887 1711 ἐπὶ
917 1660 1015 1711 τὸν
1048 1659 1275 1711 Σκοπὸν
1312 1645 1659 1726 καλούμενον
1689 1658 1823 1724 πρό-

134 1762 302 1814 εισιν,
350 1748 518 1799 ἔνθεν
564 1747 598 1815 ή
646 1767 703 1800 τε
750 1750 908 1810 πόλις
945 1748 1052 1816 ἤδη
1093 1749 1452 1814 κατεφαίνετο
1492 1744 1582 1799 καὶ
1624 1747 1682 1799 τὸ
1723 1753 1823 1798 τοῦ

133 1843 273 1888 ναοῦ
314 1833 549 1904 μέγεθος
587 1837 918 1905 ἔκλαμπρον,
957 1836 1106 1888 καθὰ
1137 1842 1211 1908 τῷ
1246 1839 1446 1908 βορείῳ
1477 1837 1697 1903 κλίματι
1727 1841 1824 1901 τῆς

9 1932 15 1935 ”
68 1945 111 1977 20
134 1926 345 1987 πόλεως
390 1926 676 1994 χθαμαλὸς
723 1925 1018 1977 συνάπτων
1066 1925 1094 1978 ὁ
1142 1934 1318 1994 χῶρος
1369 1924 1564 1993 ἐτύμος
1603 1923 1825 1985 Σκοπὸς

137 2013 462 2081 ὠνόμασται.
543 2013 686 2082 <68>
734 2021 829 2081 τῆς
877 2010 938 2066 δὲ
984 2015 1195 2076 πόλεως
1242 2013 1500 2075 σταδίους
1540 2010 1673 2065 ἑπτὰ
1714 2009 1824 2064 διέ-

135 2122 248 2170 χων
290 2101 538 2155 ἐκέλευσε
578 2101 978 2171 περιβαλέσθαι
1011 2103 1384 2171 στρατόπεδον
1415 2111 1530 2163 τοῖς
1563 2102 1664 2154 δύο
1697 2101 1824 2168 τάγ-

135 2204 304 2259 μασιν
344 2191 508 2260 ὁμοῦ,
559 2193 619 2244 τὸ
661 2187 722 2243 δὲ
760 2191 1007 2259 πέμπτον
1047 2191 1220 2244 ὁπίσω
1259 2192 1473 2244 τούτων
1511 2188 1657 2259 τρισὶ
1698 2202 1825 2241 στα-

136 2281 297 2341 δίοις’
349 2282 501 2352 κόπω
540 2280 645 2349 γὰρ
686 2287 782 2347 τῆς
829 2281 921 2333 διὰ
959 2282 1159 2344 νυκτὸς
1196 2282 1420 2350 πορείας
1458 2278 1825 2348 τετρυμένους

68 2389 111 2421 25
138 2368 315 2422 ἐδόκει
363 2369 562 2437 σκέπης
609 2367 795 2432 ἀξίους
840 2365 1008 2438 εἶναι,
1055 2370 1128 2432 ὡς
1174 2369 1243 2422 ἂν
1292 2367 1616 2438 ἀδεέστερον
1662 2371 1824 2438 τειχί-

135 2471 342 2511 σαιντο.
419 2458 564 2527 <69>
622 2456 1045 2527 καταρχομένων
1094 2456 1143 2510 δ’
1197 2459 1321 2527 ἄρτι
1374 2466 1470 2526 τῆς
1524 2458 1823 2526 δομήσεως,

133 2545 225 2600 καὶ
279 2548 340 2600 τὸ
397 2545 627 2600 δέκατον
681 2547 860 2616 τάγμα
915 2548 1008 2600 διὰ
1049 2545 1413 2618 Ἱεριχοῦντος
1460 2548 1568 2615 ἤδη
1623 2554 1825 2616 παρῆν,

134 2638 276 2689 ἔνθα
315 2637 563 2704 καθῆστό
603 2655 685 2698 τις
728 2635 977 2704 ὁπλιτικὴ
1018 2645 1184 2705 μοῖρα
1230 2643 1556 2706 φρουροῦσα
1594 2635 1695 2703 τὴν
1736 2633 1825 2703 ἐμ-

133 2726 309 2794 βολὴν
334 2724 443 2778 ὑπὸ
475 2723 867 2778 ’δεσπασιανοῦ
891 2722 1450 2794 προκατειλημμένην.
1492 2723 1638 2791 <70>
1663 2737 1826 2791 προσ-

65 2831 110 2864 30
133 2812 354 2866 τέτακτο
424 2811 474 2866 δ’
537 2813 724 2876 αὐτοῖς
789 2812 843 2876 ἓξ
911 2812 1214 2884 ἀπέχοντας
1267 2822 1377 2866 τῶν
1422 2810 1825 2882 Ἱεροσολύμων

134 2903 396 2965 σταδίους
436 2903 1015 2974 στρατοπεδεύσασθαι
1054 2903 1190 2955 κατὰ
1237 2904 1298 2955 τὸ
1343 2901 1578 2955 Ἐλαιῶν
1626 2902 1825 2954 καλού-
