2032 3128
225 111 330 164 106
650 113 774 155 ΤΟΤ
803 112 1143 155 ΙΟΤΔΑΙΚΟΤ
1173 113 1481 155 ΠΟΛΕΜΟΥ

218 245 414 314 δεκάτη
462 246 632 299 Λώου
678 248 873 314 μηνός,
919 243 1048 298 καθ’
1091 245 1161 313 ἣν
1206 243 1297 298 καὶ
1342 248 1612 315 πρότερον
1650 245 1757 298 ὑπὸ
1797 252 1896 298 τοῦ

217 342 326 386 τῶν
365 336 742 402 Βαβυλωνίων
781 332 1046 402 βασιλέως
1086 333 1413 402 ἐνεπρήσθη.
1469 332 1652 403 <251>
1691 334 1897 401 λαμβά-

216 436 379 474 νουσι
420 419 470 474 δ’
509 423 571 473 αἰ
604 425 805 490 φλόγες
845 422 904 474 ἐκ
942 430 1053 475 τῶν
1086 423 1305 474 οἰκείων
1336 423 1437 490 τὴν
1470 421 1644 492 ἀρχὴν
1675 420 1766 474 καὶ
1796 423 1897 490 τὴν

216 511 411 562 αἰτίαν.
485 509 948 578 ὑποχωρήσαντος
997 510 1102 579 γὰρ
1149 517 1249 563 τοῦ
1307 512 1471 563 Τίτου
1519 512 1656 580 πρὸς
1705 509 1898 576 ὀλίγον

217 600 573 666 λωφήσαντες
612 599 671 651 οἱ
706 596 1023 650 στασιασταὶ
1061 599 1228 650 πάλιν
1265 607 1380 660 τοῖς
1409 595 1692 666 Ῥωμαίοις
1730 597 1897 650 ἐπιτί-

215 690 430 754 θενται,
469 684 560 739 καὶ
599 694 710 738 τῶν
748 694 848 739 τοῦ
887 693 1028 739 ναοῦ
1066 695 1330 755 φρουρῶν
1369 688 1615 754 γίγνεται
1647 686 1897 754 συμβολὴ

218 775 354 841 πρὸς
398 776 528 836 τοὺς
575 775 910 842 σβεννύντας
946 776 1008 827 τὸ
1047 782 1158 843 πῦρ
1198 782 1297 827 τοῦ
1336 775 1573 827 ἔνδοθεν
1613 774 1796 843 ἱεροῦ,
1847 776 1905 827 οἳ

219 862 550 930 τρεψάμενοι
580 857 709 924 τοὺς
742 860 1047 924 Ἰουδαίους
1079 861 1236 931 μέχρι
1275 869 1374 915 τοῦ
1412 870 1554 915 ναοῦ
1592 866 1900 931 παρῆλθον.

213 948 399 1017 <252>
441 951 581 1002 ἔνθα
615 950 683 1017 δὴ
715 959 822 1003 τῶν
863 959 1209 1018 στρατιωτῶν
1240 970 1346 1018 τις,
1387 950 1514 1003 οὔτε
1544 950 1901 1019 παράγγελμα

1943 619 1964 650 5

214 1040 529 1105 περιμείνας
590 1035 706 1090 οὔτ’
767 1035 855 1090 ἐπὶ
923 1038 1228 1110 τηλικούτῳ
1291 1039 1476 1100 δείσας
1538 1036 1901 1106 ἐγχειρήματι,
1926 1058 1968 1090 ιο

217 1126 486 1198 δαιμονίῳ
535 1123 582 1178 δ’
627 1126 767 1195 ὁρμῇ
815 1145 925 1178 τινι
971 1126 1252 1196 χρώμενος
1297 1124 1521 1195 ἁρπάζει
1568 1122 1669 1193 μὲν
1710 1124 1769 1178 ἐκ
1806 1132 1903 1193 τῆς

215 1214 559 1283 φλεγομένης
592 1213 754 1282 ὕλης,
793 1212 1230 1283 ἀνακουφισθεὶς
1262 1212 1312 1266 δ’
1350 1213 1459 1266 ὑπὸ
1493 1215 1902 1284 συστρατιώτου

215 1304 277 1355 τὸ
316 1310 426 1370 πῦρ
475 1302 653 1370 ἐνίησι
699 1303 897 1371 θυρίδι
943 1309 1147 1372 χρυσῇ,
1192 1299 1319 1354 καθ’
1368 1301 1438 1369 ἣν
1486 1303 1565 1363 εἰς
1610 1304 1741 1365 τοὺς
1778 1300 1904 1372 περὶ

215 1393 314 1444 τὸν
352 1391 492 1443 ναὸν
540 1395 727 1452 οἴκους
774 1391 979 1443 εἰσιτὸν
1022 1386 1093 1458 ἦν
1133 1389 1192 1442 ἐκ
1229 1398 1329 1443 τοῦ
1369 1393 1592 1459 βορείου
1631 1393 1903 1459 κλίματος.

215 1478 397 1547 <253>
436 1477 730 1548 αἰρομένης
777 1475 838 1531 δὲ
888 1485 983 1546 τῆς
1027 1479 1234 1548 φλογὸς
1277 1475 1564 1531 Ἰουδαίων
1613 1475 1715 1547 μὲν
1766 1478 1903 1547 ε’γεί-

217 1586 367 1635 ρεται
406 1568 618 1637 κραυγὴ
659 1575 758 1620 τοῦ
797 1566 1016 1630 πάθους
1055 1566 1199 1635 ἀξία,
1242 1565 1332 1619 καὶ
1370 1567 1509 1636 πρὸς
1545 1568 1646 1636 τὴν
1687 1568 1904 1636 ἄμυναν

218 1654 517 1723 συνέθεον,
569 1656 694 1708 οὔτε
742 1663 841 1709 τοῦ
890 1659 984 1723 ζῇν
1033 1658 1111 1708 ἔτι
1150 1656 1326 1725 φειδὼ
1366 1655 1740 1724 λαμβάνοντες
1777 1656 1903 1709 οὔτε

215 1747 604 1812 ταμιευόμενοι
643 1745 744 1812 τὴν
786 1745 971 1813 ἰσχύν,
1020 1741 1092 1796 δι’
1141 1743 1170 1796 ὃ
1217 1742 1308 1797 καὶ
1347 1741 1675 1813 φυλακτικοὶ
1714 1746 1905 1814 πρότε-

217 1852 317 1901 ρον
355 1828 498 1900 ’ἦσαν
546 1831 866 1902 οἰχομένου·
937 1833 1120 1903 <254>
1169 1834 1395 1902 δραμὼν
1436 1831 1501 1885 δέ
1535 1851 1616 1895 τις
1654 1831 1906 1900 ἀγγέλλει

223 1923 390 1994 Τίτῳ,
435 1920 688 1984 κάκεῖνος
736 1919 916 1992 (ἔτυχε
958 1918 1019 1974 δὲ
1061 1922 1196 1974 κατὰ
1237 1923 1447 1991 σκηνὴν
1487 1921 1906 1989 ἀναπαυόμενος

215 2008 273 2062 ἐκ
318 2017 412 2078 τῆς
458 2007 661 2081 μάχης)
717 2011 790 2072 ὡς
843 2007 988 2080 εἶχεν
1045 2009 1401 2079 ἀναπηδήσας
1455 2012 1573 2062 ἔθει
1627 2011 1764 2077 πρὸς
1807 2010 1905 2062 τὸν

213 2099 352 2150 ναὸν
390 2096 589 2164 εἴρξων
627 2099 688 2151 τὸ
721 2106 850 2168 πῦρ,
890 2097 1074 2167 <255>
1105 2101 1337 2152 κατόπιν
1371 2096 1421 2150 δ’
1461 2099 1518 2151 οἵ
1545 2095 1604 2150 θ’
1642 2098 1907 2166 ἡγεμόνες

214 2186 435 2239 εἵποντο
482 2186 681 2248 πάντες
727 2185 817 2239 καὶ
868 2185 1181 2256 πτοηθέντα
1230 2187 1446 2249 τούτοις
1492 2187 1794 2256 ἠκολούθει
1839 2186 1906 2238 τὰ

213 2274 470 2342 τάγματα.
547 2276 651 2343 βοὴ
697 2272 750 2327 δ’
783 2271 854 2344 ἦν
893 2274 985 2328 καὶ
1021 2277 1270 2345 θόρυβος
1310 2276 1403 2328 ἅτε
1442 2275 1771 2344 τηλικαύτης
1811 2275 1906 2326 δυ-

214 2362 430 2430 νάμεως
460 2362 710 2426 ἀτάκτως
747 2362 1120 2433 κεκινημένης.
1191 2363 1374 2432 <256>
1414 2363 1443 2416 ὁ
1484 2359 1586 2432 μὲν
1626 2358 1729 2416 οὗν
1769 2365 1906 2414 Καῖ-

215 2465 318 2518 σαρ
357 2458 422 2520 τῇ
462 2470 519 2504 τε
566 2451 688 2521 βοῇ
717 2450 808 2504 καὶ
853 2460 918 2521 τῇ
968 2451 1119 2523 δεξιᾷ
1161 2453 1478 2520 διεσήμαινε
1518 2460 1634 2513 τοῖς
1671 2449 1907 2520 μαχομέ-

212 2559 333 2601 νοις
371 2541 432 2592 τὸ
472 2548 584 2609 πῦρ
624 2541 943 2607 σβεννύειν·
985 2541 1111 2593 οὔτε
1152 2537 1214 2593 δὲ
1253 2542 1497 2608 βοῶντος
1527 2541 1754 2607 ἤκουον,
1796 2541 1908 2607 μεί-

215 2630 331 2691 ζονι
370 2635 584 2697 κραυγῇ
623 2629 720 2690 τὰς
758 2627 926 2691 ἀκοὰς
963 2627 1513 2697 προκατειλημμένοι,
1555 2626 1644 2680 καὶ
1675 2634 1749 2699 τῷ
1782 2627 1908 2680 νεύ-

212 2735 340 2783 ματι
380 2724 476 2784 τῇς
513 2717 694 2786 χειρὸς
734 2717 802 2769 οὐ
842 2727 1162 2787 προσεῖχον,
1207 2720 1265 2770 οἳ
1300 2714 1400 2785 μὲν
1439 2724 1515 2788 τῷ
1553 2720 1814 2785 πολεμεῖν
1855 2717 1912 2768 οἳ

213 2801 262 2855 δ’
303 2804 439 2873 ὀργῇ
479 2806 901 2874 περισπώμενοι.
942 2805 1125 2874 (257)
1157 2814 1268 2858 τῶν
1302 2803 1363 2858 δὲ
1395 2804 1686 2873 ταγμάτων
1726 2805 1907 2856 εἰσθε-

213 2893 392 2945 όντων
434 2894 560 2947 οὕτε
600 2896 923 2963 παραίνεσις
963 2891 1078 2947 οὔτ’
1123 2894 1317 2963 ἀπειλὴ
1349 2904 1560 2964 κατεῖχε
1592 2894 1688 2956 τὰς
1720 2892 1908 2964 ὁρμάς,

1930 1498 1970 1531 15

1930 1940 1973 1972 20

1931 2381 1973 2413 25

1932 2822 1975 2854 30
