2032 3128
688 118 899 160 ΛοΓοΣ
930 117 1246 160 ΔΕΥΤΕΡΟΣ
1473 136 1475 138 -
1699 116 1807 169 289

127 259 226 304 τοῦ
264 252 515 318 πλήθους
552 259 662 303 τῶν
703 251 1016 320 ζηλούντων
1055 249 1192 319 μέγα
1230 260 1463 320 φρονεῖν
1502 249 1587 304 ἐπ’
1619 251 1810 315 αὐτοῖς

126 341 500 408 προήχθημεν.

241 428 421 495 <287>
476 426 613 479 ἀλλὰ
667 428 770 495 γὰρ
823 425 948 496 περὶ
1010 424 1110 495 μὲν
1164 437 1275 480 τῶν
1327 430 1517 497 νόμων
1570 425 1661 481 καὶ
1714 435 1808 496 τῆς
1838 443 1897 482 40

127 518 402 578 πολιτείας
453 516 554 583 τὴν
609 514 804 585 ἀκριβῆ
866 518 1164 584 πεποίημαι
1221 516 1530 584 παράδοσιν
1584 515 1644 569 ἐν
1698 525 1811 579 τοῖς

83 625 103 657 5
128 602 253 671 περὶ
298 602 685 673 ἀρχαιολογίας
731 623 824 672 μοι
870 613 1153 673 γραφεῖσι·
1209 602 1338 656 νυνὶ
1388 602 1437 656 δ’
1468 604 1651 657 αὐτῶν
1691 603 1808 657 έπε-

129 695 388 761 μνήσθην
425 690 511 761 ἐφ’
542 693 677 746 ὅσον
715 689 786 761 ἦν
825 691 1148 761 ἀναγκαῖον,
1194 693 1321 746 οὔτε
1367 693 1432 745 τὰ
1478 701 1589 745 τῶν
1625 693 1811 745 ἄλλων

128 780 320 849 ψέγειν
376 781 501 834 οὔτε
556 781 622 833 τὰ
682 778 811 849 παρ’
855 781 988 849 ἡμῖν
1043 779 1398 849 ἐγκωμιάζειν
1449 780 1810 850 προθέμενος,

130 868 245 922 ἀλλ’
287 870 379 922 ἵνα
426 871 554 930 τοὺς
598 867 724 936 περὶ
770 868 926 937 ἡμῶν
974 868 1178 932 ἀδίκως
1226 871 1567 938 γεγραφότας
1613 867 1809 937 ἐλέγξω

127 959 264 1023 πρὸς
318 957 490 1025 αὐτὴν
537 956 778 1020 ἀναιδῶς
830 958 932 1026 τὴν
985 956 1256 1025 ἀλήθειαν
1307 959 1810 1026 πεφιλονικηκότας.

63 1067 105 1099 ιο
129 1045 309 1112 <288>
346 1043 439 1098 καὶ
478 1047 546 1114 δή
587 1065 678 1113 μοι
720 1046 864 1098 δοκῶ
904 1049 1299 1116 πεπληρῶσθαι
1334 1046 1427 1098 διὰ
1463 1053 1559 1114 τῆς
1597 1054 1811 1115 γραφῆς

129 1135 329 1196 ἱκανῶς
348 1133 381 1186 ἃ
401 1136 841 1204 προύπεσχόμην.
874 1132 966 1186 καὶ
990 1135 1094 1202 γὰρ
1117 1132 1431 1204 ἀρχαιότητι
1453 1134 1810 1204 προϋπάρχον

128 1222 375 1286 ἐπέδειξα
413 1224 474 1275 τὸ
513 1221 691 1291 γένος,
728 1232 839 1275 τῶν
878 1225 1199 1291 κατηγόρων
1236 1223 1318 1275 ὅτι
1356 1223 1630 1276 νεώτατόν
1661 1222 1810 1275 ἐστιν

127 1313 453 1379 εἰρηκότων·
512 1309 603 1364 καὶ
656 1312 761 1379 γὰρ
814 1312 1054 1373 πολλοὺς
1108 1310 1169 1363 ἐν
1222 1319 1336 1374 τοῖς
1390 1311 1811 1380 συγγράμμασιν

127 1398 601 1468 ἐμνημονευκότας
639 1399 795 1468 ἡμῶν
828 1399 1089 1469 ἀρχαίους
1127 1401 1479 1469 παρεσχόμην
1515 1400 1812 1469 μάρτυρας,

62 1508 105 1540 15
130 1487 355 1541 ἐκείνων
386 1488 468 1540 ὅτι
507 1490 697 1556 μηδείς
728 1487 842 1541 ἐστι
876 1486 1398 1557 διαβεβαιουμένων.
1460 1489 1642 1558 <289>
1674 1489 1812 1542 ἀλλὰ

126 1578 236 1645 μὴν
257 1578 596 1644 Αἰγυπτίους
621 1578 833 1646 ἔφασαν
856 1576 1012 1645 ἡμῶν
1035 1578 1165 1639 τοὺς
1191 1579 1528 1645 προγόνους·
1563 1576 1811 1647 ἐδείχθη-

127 1679 231 1718 σαν
264 1663 311 1717 δ’
344 1667 422 1728 εἰς
452 1670 738 1732 Αἴγυπτον
770 1663 1029 1728 ἐλθόντες
1060 1663 1349 1734 ἑτέρωθεν.
1413 1666 1505 1717 διὰ
1539 1662 1600 1718 δὲ
1632 1666 1812 1734 λύμην

126 1754 393 1822 σωμάτων
426 1753 626 1815 αὐτοὺς
657 1752 996 1821 ἐκβληθῆναι
1027 1754 1461 1816 κατεψεύσαντο·
1493 1752 1811 1822 προαιρέσει

34 1871 38 1877 «
124 1839 215 1894 καὶ
261 1844 555 1912 περιουσίᾳ
600 1841 787 1911 ῥώμης
834 1840 1120 1911 ἐφάνησαν
1161 1839 1249 1894 ἐπὶ
1286 1842 1388 1910 τὴν
1428 1843 1637 1895 οἰκείαν
1675 1841 1812 1895 ὑπο-

58 1951 101 1982 20
126 1928 453 1999 στρέψαντες
505 1937 623 1998 γῆν.
702 1933 760 1983 οἳ
812 1927 914 1998 μὲν
969 1930 1042 1992 ὡς
1099 1932 1446 1998 φαυλότατον
1501 1929 1658 1999 ἡμῶν
1713 1931 1812 1983 τὸν

124 2017 439 2087 νομοθέτην
464 2017 847 2088 ἐλοιδόρησαν,
880 2018 1061 2087 <290>
1091 2025 1166 2091 τῷ
1202 2015 1263 2071 δὲ
1293 2026 1388 2087 τῆς
1419 2017 1614 2088 ἀρετῆς
1643 2018 1811 2072 πάλαι

125 2104 227 2174 μὲν
263 2106 291 2159 ὁ
331 2108 489 2173 θεός,
528 2103 644 2175 μετ’
678 2106 891 2160 ἐκεῖνον
932 2103 992 2159 δὲ
1032 2107 1240 2175 μάρτυς
1280 2106 1308 2160 ὁ
1349 2108 1548 2176 χρόνος
1587 2106 1812 2175 εὕρηται

125 2197 502 2263 γεγενημένος.

236 2283 418 2351 <291>
457 2282 579 2352 περὶ
619 2292 729 2336 τῶν
760 2286 949 2352 νόμων
982 2283 1082 2336 οὐκ
1116 2281 1302 2353 ἐδέησε
1336 2285 1508 2351 λόγου
1542 2286 1810 2346 πλείονος.
1843 2298 1898 2336 41

57 2390 102 2423 25
125 2369 281 2425 αὐτοὶ
341 2372 445 2441 γὰρ
503 2369 834 2441 ἑωράθησαν
888 2369 961 2424 δι’
1001 2371 1184 2425 αὑτῶν
1238 2372 1338 2425 οὐκ
1400 2370 1656 2439 ἀσέβειαν
1711 2368 1812 2440 μὲν

125 2458 408 2528 εὐσέβειαν
442 2458 495 2512 δ’
516 2459 899 2528 ἀληθεστάτην
932 2461 1303 2528 διδάσκοντες,
1343 2457 1462 2513 οὐδ’
1492 2458 1578 2513 ἐπὶ
1619 2474 1812 2528 μισαν-

123 2551 379 2617 θρωπιάν
420 2547 533 2602 ἀλλ’
570 2546 658 2602 ἐπὶ
704 2550 805 2616 τὴν
844 2558 956 2602 τῶν
1003 2550 1181 2602 ὄντων
1227 2552 1526 2602 κοινωνίαν
1571 2566 1812 2616 παρακα-

126 2640 366 2705 λοῦντες,
406 2636 621 2700 ἀδικίας
653 2636 863 2706 ἐχθροί,
906 2638 1261 2706 δικαιοσύνης
1294 2636 1579 2705 ἐπιμελεῖς,
1613 2636 1813 2704 ἀργίαν

124 2723 214 2779 καὶ
253 2725 612 2779 πολυτέλειαν
646 2725 992 2796 ἐξορίζοντες,
1033 2725 1321 2794 αὐτάρκεις
1352 2723 1442 2777 καὶ
1474 2726 1814 2794 φιλοπόνους

57 2832 102 2864 zo
126 2809 268 2866 εἶναι
324 2813 702 2882 διδάσκοντες,
759 2815 940 2881 <292>
995 2812 1252 2882 πολέμων
1306 2809 1407 2881 μὲν
1461 2812 1859 2883 ἀπείργοντες’

125 2903 204 2964 είς
249 2903 590 2970 πλεονεξίαν,
637 2902 929 2970 ἀνδρείους
969 2899 1017 2955 δ’
1051 2899 1190 2971 ὑπὲρ
1232 2902 1414 2955 αὑτῶν
1454 2897 1596 2954 εἶναι
1641 2919 1815 2971 παρα-

214 2997 424 3029 IosEPaus.
449 2997 513 3029 VI.
1492 2992 1545 3030 19
