2032 3128
230 98 336 151 288
834 101 991 143 ΚΑΤΑ
1022 102 1298 143 ΑΠΙΩΝΟΣ

230 235 417 296 ἄλλοις
453 234 654 286 ἅπασιν
687 233 1005 302 ἀνθρώποις
1036 233 1120 287 ἀεὶ
1158 232 1250 287 καὶ
1288 237 1498 303 μᾶλλον
1529 233 1711 286 αὑτῶν
1746 235 1907 301 ζῆλον

232 322 635 391 ἐμπεποιήκασι.
721 321 902 389 <281>
949 331 1157 392 πρῶτοι
1203 319 1304 391 μὲν
1349 323 1453 391 γὰρ
1502 322 1560 374 οἱ
1603 322 1750 390 παρὰ
1794 331 1909 384 τοῖς

230 408 460 476 ’Ἕλλησι
523 413 999 479 φιλοσοφήσαντες
1057 419 1131 482 τῷ
1195 407 1294 479 μὲν
1349 412 1534 464 δοκεῖν
1587 410 1653 462 τά
1710 409 1909 478 πάτρια

233 499 618 566 διεφύλαττον,
665 497 724 551 ἐν
764 495 826 551 δὲ
863 508 977 561 τοῖς
1017 499 1298 567 πράγμασι
1336 496 1427 550 καὶ
1465 505 1539 569 τῷ
1580 502 1909 567 φιλοσοφεῖν

234 585 422 657 ἐκείνῳ
469 587 984 655 κατηκολούθησαν,
1039 586 1201 655 ὅμοια
1256 584 1356 654 μὲν
1406 585 1531 655 περὶ
1584 591 1724 639 θεοῦ
1771 605 1910 655 ,φρο-
1958 607 1976 638 5

231 682 483 742 νοῦντες,
536 673 814 728 εὐτέλειαν
862 672 923 728 δὲ
977 677 1105 744 βίου
1161 673 1251 727 καὶ
1304 675 1406 742 τὴν
1451 675 1587 742 πρὸς
1641 674 1913 742 ἀλλήλους

231 766 529 815 κοινωνίαν
567 763 935 825 διδάσκοντες.
1003 763 1184 830 <282>
1226 762 1292 816 οὐ
1332 764 1443 831 μὴν
1475 762 1613 814 ἀλλὰ
1651 760 1739 814 καὶ
1779 763 1913 830 πλή-

232 857 396 904 θεσιν
442 852 548 919 ἤδη
594 853 767 914 πολὺς
814 854 969 920 ζῆλος
1015 850 1244 919 γέγονεν
1284 850 1342 904 ἐκ
1388 858 1601 920 μακροῦ
1647 858 1741 918 τῆς
1786 850 1914 918 ἡμε-

233 938 389 1008 τέρας
435 939 737 1007 εὐσεβείας,
791 938 909 993 οὐδ’
953 941 1101 992 ἔστιν
1149 939 1216 992 οὐ
1262 942 1419 1002 πόλις
1462 937 1740 1008 Ἑλλήνων
1788 936 1908 992 οὐδ’

232 1029 459 1096 ἡτισοῦν
499 1025 630 1080 οὐδὲ
677 1028 977 1097 βάρβαρος,
1025 1026 1157 1081 οὐδὲ
1204 1029 1265 1081 ἓν
1304 1030 1494 1095 ἔθνος,
1545 1030 1685 1080 ἔνθα
1733 1027 1805 1095 μὴ
1852 1029 1913 1080 τὸ
1940 1048 1982 1079 10

232 1124 326 1184 τῆς
365 1114 689 1186 ἑβδομάδος,
728 1117 798 1185 ἣν
831 1116 1108 1186 ἀργοῦμεν
1139 1117 1313 1185 ἡμεῖς,
1353 1119 1484 1179 ἔθος
1524 1115 1591 1169 οὐ
1631 1117 1916 1184 διαπεφοί-

233 1224 379 1273 τηκε,
411 1203 502 1258 καὶ
535 1206 595 1257 αἱ
623 1215 867 1273 νηστεῖαι
899 1204 989 1258 καὶ
1015 1207 1235 1274 λύχνων
1260 1204 1587 1266 ἀνακαύσεις
1618 1203 1710 1257 καὶ
1740 1205 1916 1258 πολλὰ

232 1303 343 1346 τῶν
381 1295 456 1356 εἰς
493 1297 703 1362 βρῶσιν
742 1294 874 1363 ἡμῖν
907 1294 975 1347 οὐ
1013 1292 1429 1362 νενομισμένων
1467 1293 1916 1361 παρατετήρηται.

233 1382 414 1450 <283>
453 1387 741 1450 μιμεῖσθαι
781 1379 842 1435 δὲ
881 1391 1177 1452 πειρῶνται
1217 1380 1307 1434 καὶ
1345 1383 1446 1450 τὴν
1477 1383 1615 1450 πρὸς
1647 1380 1919 1449 ἀλλήλους

233 1471 388 1539 ἡμῶν
436 1472 701 1539 ὁμόνοιαν
747 1469 837 1524 καὶ
883 1472 984 1540 τὴν
1029 1480 1139 1524 τῶν
1188 1473 1366 1525 ὄντων
1405 1469 1674 1523 ἀνάδοσιν
1719 1468 1809 1522 καὶ
1855 1471 1917 1523 τὸ
1943 1488 1986 1520 15

234 1561 500 1629 φιλεργὸν
548 1558 607 1612 ἐν
653 1568 771 1622 ταῖς
815 1558 1031 1628 τέχναις
1083 1558 1175 1612 καὶ
1221 1561 1281 1613 τὸ
1329 1561 1650 1628 καρτερικὸν
1698 1558 1757 1634 ἐν
1802 1566 1919 1620 ταῖς

235 1644 370 1717 ὑπὲρ
411 1657 520 1700 τῶν
560 1650 749 1716 νόμων
786 1647 1063 1715 ἀνάγκαις.
1133 1647 1312 1715 <284>
1351 1649 1412 1701 τὸ
1455 1649 1557 1716 γὰρ
1597 1647 1919 1716 θαυμασιώ-

234 1755 415 1804 τατον,
463 1736 546 1789 ὅτι
592 1735 759 1806 χωρὶς
796 1745 895 1790 τοῦ
942 1744 1036 1805 τῆς
1082 1736 1287 1805 ἡδονῆς
1334 1735 1622 1803 ἐπαγωγοῦ
1670 1734 1921 1797 δελέατος

236 1824 399 1887 αὐτὸς
437 1822 569 1877 καθ’
599 1825 769 1878 αὑτὸν
807 1830 1030 1894 ἴσχυσεν
1064 1826 1091 1879 ὁ
1132 1827 1325 1894 νόμος’
1365 1823 1457 1877 καὶ
1497 1824 1679 1893 ὥσπερ
1721 1824 1749 1877 ὁ
1787 1825 1923 1886 θεὸς

238 1914 328 1965 διὰ
380 1915 583 1975 παντὸς
637 1922 736 1967 τοῦ
791 1916 1001 1983 κόσμου
1054 1916 1403 1982 πεφοίτηκεν,
1458 1912 1632 1975 οὕτως
1677 1911 1706 1965 ὁ
1753 1914 1923 1980 νόμος
1946 1931 1989 1963 20

238 2003 328 2054 διὰ
375 2002 597 2054 πάντων
637 2001 952 2071 ἀνθρώπων
991 2002 1299 2070 βεβάδικεν.
1376 2000 1542 2063 αὐτὸς
1581 1999 1648 2053 δέ
1681 2021 1763 2063 τις
1801 1999 1922 2053 ἕκα-

237 2105 364 2152 στος
401 2091 502 2159 τὴν
542 2092 777 2160 πατρίδα
815 2089 906 2143 καὶ
945 2092 1043 2144 τὸν
1075 2087 1230 2144 οἶκον
1270 2089 1582 2142 ἐπισκοπῶν
1621 2090 1718 2142 τὸν
1751 2088 1922 2142 αὑτοῦ

236 2187 350 2241 τοῖς
395 2177 487 2232 ὑπ’
526 2178 661 2247 ἐμοῦ
709 2178 1027 2248 λεγομένοις
1068 2179 1169 2233 οὐκ
1215 2179 1515 2247 ἀπιστήσει.
1592 2176 1772 2246 <285>
1820 2178 1922 2247 χρὴ

236 2270 430 2320 τοίνυν
468 2267 691 2320 πάντων
731 2267 1048 2337 ἀνθρώπων
1093 2277 1440 2335 καταγνῶναι
1487 2269 1762 2336 πονηρίαν
1802 2264 1924 2319 ἐθε-

239 2356 486 2423 λούσιον,
526 2358 576 2408 εί
611 2356 904 2426 τάλλότρια
944 2355 1033 2409 καὶ
1074 2360 1259 2425 φαῦλα
1298 2357 1404 2425 πρὸ
1437 2365 1549 2408 τῶν
1581 2357 1801 2408 οἰκείων
1831 2353 1923 2407 καὶ
1949 2373 1991 2404 25

238 2448 422 2497 καλῶν
471 2447 671 2512 ζηλοῦν
718 2443 1204 2514 ἐπιτεθυμήκασιν,
1251 2445 1284 2513 ἢ
1330 2445 1653 2498 παύσασθαι
1701 2446 1925 2512 βασκαί-

239 2552 437 2595 νοντας
490 2533 622 2602 ἡμῖν
675 2535 807 2596 τοὺς
858 2541 1312 2602 κατηγοροῦντας.
1401 2532 1581 2600 <286>
1635 2529 1766 2585 οὐδὲ
1821 2533 1925 2599 γὰρ

242 2621 554 2691 ἐπιφθόνου
586 2623 737 2684 τινὸς
769 2620 1206 2692 ἀντιποιούμεθα
1240 2621 1576 2691 πράγματος,
1614 2622 1712 2673 τὸν
1745 2620 1927 2672 αὑτῶν

239 2719 500 2778 τιμῶντες
553 2709 867 2780 νομοθέτην
913 2709 1003 2763 καὶ
1050 2721 1164 2773 τοῖς
1213 2707 1309 2764 ὑπ’
1350 2709 1565 2763 ἐκείνου
1618 2726 1927 2777 προφητευ-

240 2804 390 2851 θεῖσι
443 2796 569 2868 περὶ
615 2806 715 2853 τοῦ
765 2804 905 2852 θεοῦ
959 2800 1397 2862 πεπιστευκότες·
1452 2796 1544 2851 καὶ
1599 2798 1703 2867 γὰρ
1751 2798 1803 2849 εί
1853 2796 1925 2864 μὴ
1951 2815 2017 2847 30=

243 2887 505 2956 συνίεμεν
538 2886 696 2940 αὐτοὶ
727 2895 822 2956 τῆς
854 2887 1046 2958 ἀρετῆς
1076 2897 1187 2941 τῶν
1217 2889 1426 2957 νόμων,
1464 2887 1682 2949 πάντως
1721 2885 1790 2938 ἂν
1821 2885 1929 2938 ὑπὸ
