2032 3128
135 2578 188 2617 21

188 510 213 522 ,ν

224 126 331 178 5212
829 127 989 167 ΚΑΤΑ
1018 125 1296 168 ΑΠΙΩΝΟΣ

221 261 525 329 σοάρχοδος
565 259 847 330 ἐκυρίευσε
883 256 985 328 μὲν
1015 266 1110 327 τῆς
1147 261 1428 327 βασιλείας
1464 267 1592 320 παῖς
1624 259 1702 311 ὢν
1733 251 1909 329 μῆνας

221 346 406 416 ἐννέα,
455 345 874 417 ἐπιβουλευθεὶς
921 343 984 399 δὲ
1030 347 1122 400 διὰ
1167 349 1230 400 τὸ
1269 347 1446 399 πολλὰ
1486 346 1775 416 ἐμφαίνειν
1813 367 1908 400 κα-

215 496 266 511 -..σε

220 620 380 681 κοινῇ
421 613 521 680 τὴν
558 614 847 680 βασιλειάν
883 610 1224 681 περιέθηκαν
1261 611 1612 681 Ναβοννήδῳ
1652 609 1761 664 τινὶ
1801 620 1911 664 τῶν

222 699 281 752 ἐκ
319 703 681 769 Βαβυλῶνος,
731 701 851 753 ὄντι
891 699 949 752 ἐκ
987 707 1081 767 τῆς
1123 699 1290 767 αὐτῆς
1329 698 1746 762 ἐπισυστάσεως.
1824 699 1912 752 ἐπὶ

220 790 421 842 τούτου
468 789 533 841 τὰ
586 787 715 858 περὶ>
758 790 857 842 τὸν
902 790 1151 856 ποταμὸν
1197 790 1347 857 τείχη
1395 794 1489 856 τῆς
1533 790 1913 856 Βαβυλωνίων

221 879 430 940 πόλεως
469 876 522 941 ἐξ
564 877 733 946 ὀπτῆς
770 881 1017 930 πλίνθου
1055 875 1148 929 καὶ
1188 875 1473 945 ἀσφάλτου
1512 879 1914 946 κατεκοσμήθη.

222 966 405 1035 <150>
445 967 615 1035 οὔσης
654 963 716 1019 δὲ
761 974 857 1035 τῆς
902 968 1182 1035 βασιλείας
1228 965 1401 1018 αὐτοῦ
1443 964 1503 1017 ἐν
1542 972 1616 1035 τῷ
1664 963 1914 1018 ἑπτακαι-

224 1055 432 1126 δεκάτῳ
481 1055 612 1122 ἔτει,
659 1053 1115 1123 προεξεληλυθὼς
1163 1056 1350 1121 Κῦρος
1396 1052 1455 1106 ἐκ
1500 1061 1595 1122 τῆς
1637 1055 1914 1120 Περσίδος

222 1144 356 1211 μετὰ
426 1143 713 1211 δυνάμεως
781 1146 1012 1211 πολλῆς,
1080 1141 1169 1195 καὶ
1238 1142 1752 1211 καταστρεψάμενος
1811 1143 1914 1211 τὴν

227 1232 427 1300 λοιπὴν
469 1230 657 1284 Ἀσίαν
702 1238 905 1298 πᾶσαν,
960 1231 1214 1299 ὥρμησεν
1263 1229 1351 1283 ἐπὶ
1397 1238 1492 1300 τῆς
1535 1233 1913 1299 Βαβυλωνίας.

223 1319 405 1388 <151>
444 1321 780 1388 αἰσθόμενος
818 1316 879 1372 δὲ
918 1320 1288 1388 Ναβόννηδος
1333 1321 1435 1388 τὴν
1475 1321 1683 1389 ἔφοδον
1722 1320 1914 1389 αὐτοῦ,

224 1407 537 1477 ἀπαντήσας
597 1409 731 1477 μετὰ
792 1415 887 1476 τῆς
948 1408 1237 1477 δυνάμεως
1295 1406 1387 1461 καὶ
1448 1407 1913 1478 παραταξάμενος,

220 1494 479 1564 ἡττηθεὶς
524 1504 588 1567 τῇ
636 1498 779 1567 μάχῃ
830 1495 922 1549 καὶ
967 1497 1165 1565 φυγὼν
1212 1497 1499 1564 ὀλιγοστὸς
1545 1501 1911 1566 συνεκλείσθη

219 1587 297 1647 εἰς
334 1586 436 1653 τὴν
473 1588 886 1655 Βορσιππηνῶν
923 1587 1103 1638 πόλιν.
1179 1583 1362 1654 <152>
1401 1588 1588 1655 Κῦρος
1629 1583 1690 1639 δὲ
1728 1589 1911 1656 Βαβυ-

218 1678 369 1726 λῶνα
408 1676 871 1744 καταλαβόμενος,
910 1672 1000 1726 καὶ
1042 1674 1311 1738 συντάξας
1342 1675 1407 1726 τὰ
1440 1673 1541 1738 ἔξω
1572 1681 1669 1742 τῆς
1701 1677 1912 1737 πόλεως

217 1751 365 1831 τείχη
413 1763 756 1828 κατασκάψαι
804 1764 896 1816 διὰ
945 1764 1007 1816 τὸ
1046 1766 1174 1816 λίαν
1213 1762 1359 1834 αὐτῷ
1399 1765 1781 1832 πραγματικὴν
1820 1762 1911 1816 καὶ

219 1852 543 1905 δυσάλωτον
581 1859 828 1922 φανῆναι
866 1853 970 1921 τὴν
1007 1855 1190 1916 πόλιν,
1232 1850 1517 1916 ἀνέζευξεν
1549 1850 1636 1905 ἐπὶ
1667 1855 1910 1918 Βορσίπ-

217 1957 357 2007 πων,
402 1939 847 2009 ἐκπολιορκήσων
885 1943 984 1994 τὸν
1022 1941 1411 2010 Ναβόννηδον.
1489 1941 1670 2010 <153>
1709 1949 1808 1994 τοῦ
1849 1938 1910 1994 δὲ

219 2030 597 2097 Ναβοννήδου
650 2029 750 2098 οὐχ
805 2029 1207 2098 ὑπομείναντος
1260 2031 1361 2098 τὴν
1408 2033 1736 2099 πολιορκίαν
1784 2028 1900 2083 ἀλλ’

218 2117 624 2187 ἐγχειρίσαντος
663 2118 835 2172 αὑτὸν
873 2120 1163 2188 πρότερον,
1210 2118 1550 2188 χρησάμενος
1589 2121 1777 2188 Κῦρος
1818 2140 1909 2189 φι-

216 2204 589 2275 λανθρώπως,
647 2204 738 2260 καὶ
794 2208 928 2269 δοὺς
981 2209 1300 2277 οἰκητήριον
1356 2208 1502 2279 αὐτῷ
1558 2210 1909 2276 Καρμανίαν,

218 2294 517 2364 ἐξέπεμψεν
557 2295 616 2348 ἐκ
653 2302 750 2364 τῆς
786 2299 1166 2365 Βαβυλωνίας.
1243 2298 1615 2365 Ναβόννηδος
1661 2293 1764 2366 μὲν
1805 2292 1909 2350 οὖν

215 2386 278 2438 τὸ
313 2386 510 2438 λοιπὸν
543 2391 642 2436 τοῦ
677 2386 883 2454 χρόνου
917 2386 1310 2454 διαγενόμενος
1342 2385 1402 2438 ἐν
1435 2384 1616 2455 ἐκείνῃ
1654 2392 1719 2454 τῇ
1758 2385 1910 2456 χώρα

217 2471 544 2540 κατέστρεψε
583 2474 682 2525 τὸν
722 2473 881 2541 βίον.’

335 2560 517 2629 <154>
547 2569 719 2614 ταῦτα
752 2563 1057 2631 σύμφωνον
1090 2565 1200 2633 ἔχει
1231 2573 1350 2626 ταῖς
1380 2562 1665 2632 ἡμετέραις
1695 2565 1911 2630 βίβλοις

218 2652 320 2719 τὴν
354 2649 639 2718 ἀλήθειαν.
701 2647 1000 2719 γέγραπται
1040 2652 1143 2721 γὰρ
1179 2651 1238 2704 ἐν
1271 2651 1460 2713 αὐταῖς
1499 2650 1584 2703 ὅτι
1614 2653 1910 2720 Ναβουχο-

220 2741 524 2808 δονόσορος
578 2739 1023 2809 ὀκτωκαιδεκάτῳ
1079 2747 1174 2808 τῆς
1234 2740 1407 2793 αὐτοῦ
1467 2743 1749 2808 βασιλείας
1802 2741 1909 2792 ἔτει

219 2829 318 2881 τὸν
357 2826 480 2895 παρ’
519 2827 652 2896 ἡμῖν
690 2829 829 2881 ναὸν
869 2829 1152 2897 ἠρήμωσε,
1198 2827 1288 2882 καὶ
1335 2825 1405 2897 ἦν
1445 2827 1662 2897 ἀφανὴς
1701 2826 1783 2881 ἐπ’
1816 2829 1906 2897 ἔτη

219 2918 578 2985 πεντήκοντα,
619 2914 856 2988 δευτέρῳ
890 2914 950 2969 δὲ
990 2924 1084 2986 τῆς
1116 2918 1308 2987 Κύρου
1339 2919 1621 2986 βασιλείας
1654 2919 1759 2970 ἔτει
1796 2926 1908 2969 τῶν

1939 1076 1982 1110 10

1937 1519 1980 1552 15

1935 1964 1977 1996 20

1934 2405 1977 2438 25

1932 2849 1976 2881 30
