2032 3128
1981 123 1992 139 -t
1979 86 1994 94 ‚⁷
1970 0 1997 79 '²3⁵2'AE

220 97 326 147 144
648 100 774 142 ΤΟΤ
804 99 1146 142 ΙΟΤΔΑῙΚΟΤ
1178 99 1486 142 ΠΟΛΕΜΟΥ

211 234 338 301 νίκῃ
377 234 701 301 κομίζοντες.
767 232 947 300 <106>
990 232 1055 285 ὃν
1095 232 1389 300 δεξάμενος
1428 233 1602 286 εἱστία
1640 235 1769 295 τοὺς
1799 235 1897 301 βα-

212 320 491 387 σιλικούς,
543 319 804 373 κάκεῖθεν
859 322 937 382 είς
991 321 1092 388 τὴν
1144 322 1474 389 Αντιόχειαν
1528 319 1898 391 ἐπανέρχεται.

210 407 392 475 <107>
431 415 524 476 τῆς
569 405 631 460 δὲ
676 411 885 477 βουλῆς
928 407 1020 461 καὶ
1066 415 1166 462 τοῦ
1213 409 1392 478 δήμου
1431 418 1541 461 τῶν
1575 407 1899 476 Ἀντιοχέων

208 497 416 555 πολλὰς
446 492 835 564 ποιησαμένων
868 498 1082 562 δεήσεις
1115 496 1302 546 ἐλθεῖν
1342 493 1512 547 αὐτὸν
1551 496 1630 557 εἰς
1668 497 1728 548 τὸ
1769 493 1900 548 θέα-

209 601 370 650 τρον,
427 579 487 633 ἐν
539 575 581 652 ᾧ
634 589 744 633 πᾶν
795 584 855 635 τὸ
906 585 1123 650 πλῆθος
1175 580 1555 650 ἠθροισμένον
1610 581 1900 652 ἐξεδέχετο,
1947 606 1967 638 5

210 670 622 739 φιλανθρώπως
659 670 955 738 ὑπήκουσε.
1023 670 1204 736 <108>
1245 669 1412 722 πάλιν
1453 666 1502 722 δ’
1542 670 1726 723 αὐτῶν
1767 673 1901 739 σφό-

210 759 317 826 δρα
364 761 607 827 λιπαρῶς
655 756 985 826 ἐγκειμένων
1032 756 1123 810 καὶ
1171 767 1414 827 συνεχῶς
1465 757 1744 826 δεομένων
1793 757 1901 822 ἐξε-

211 846 375 898 λάσαι
413 853 508 914 τῆς
539 848 750 908 πόλεως
780 849 909 908 τοὺς
941 843 1268 913 Ἰουδαίους,
1307 846 1574 915 εὔστοχον
1608 845 1901 913 ἐποιήσατο

211 935 314 1001 τὴν
346 933 657 1002 ἀπόκρισιν,
699 935 868 986 εἰπών
909 933 1091 1002 <109>
1125 931 1272 987 (ἀλλ’
1307 934 1341 1001 ἥ
1377 952 1438 1000 γε
1469 932 1662 1002 πατρὶς
1700 933 1903 1001 αὐτῶν,

211 1024 290 1084 εἰς
327 1022 398 1090 ἣν
437 1022 691 1091 ἐκβαλεῖν
731 1021 896 1092 ἐχρῆν
935 1025 1065 1084 τοὺς
1096 1019 1429 1090 Ἰουδαίους,
1477 1019 1771 1092 ἀνῄρηται,
1811 1020 1903 1074 καὶ
1927 1045 1970 1077 10
2003 1051 2006 1054 *

212 1109 411 1174 δέξαιτ’
453 1110 522 1164 ἂν
564 1109 749 1173 οὐδεὶς
787 1111 988 1173 αὐτοὺς
1026 1113 1106 1163 ἔτι
1145 1110 1351 1172 maog?
1428 1110 1611 1178 (110)
1651 1108 1740 1163 ἐπὶ
1780 1110 1903 1163 δευ-

211 1197 377 1269 τέραν
423 1195 527 1253 οὖν
568 1197 863 1270 Ἀντιοχεῖς
908 1197 1202 1266 τρέπονται
1244 1198 1455 1268 δέησιν,
1500 1205 1596 1266 τῆς
1633 1195 1905 1267 προτέρας

212 1287 566 1350 ἀποστάντες·
629 1289 724 1350 τὰς
770 1289 874 1356 γὰρ
922 1292 1129 1357 χαλκᾶς>
1170 1287 1364 1355 ἠξίουν
1413 1286 1639 1349 δέλτους
1685 1286 1903 1340 ἀνελεῖν

210 1375 407 1444 αὐτόν,
449 1376 509 1429 ἐν
548 1370 636 1440 αἷς
667 1376 963 1446 γέγραπται
995 1377 1059 1429 τὰ
1093 1377 1433 1444 δικαιώματα
1464 1385 1575 1428 τῶν
1602 1374 1904 1429 Ἰουδαίων.

211 1464 394 1533 <111>
443 1465 510 1517 οὐ
566 1466 675 1533 μὴν
730 1462 862 1518 οὐδὲ
916 1473 1078 1518 τοῦτο
1139 1467 1297 1526 Τίτος
1352 1462 1644 1517 ἐπένευσεν
1698 1463 1903 1531 αὐτοῖς,
1928 1486 1971 1518 15

213 1550 329 1605 ἀλλ’
364 1552 527 1616 ἐάσας
557 1553 734 1606 πάντα
765 1555 901 1606 κατὰ
933 1555 1119 1623 χώραν
1150 1562 1265 1616 τοῖς
1297 1551 1378 1605 ἐπ’
1410 1550 1742 1622 Ἀντιοχείας
1767 1550 1905 1605 Ἰου-

214 1642 392 1704 δαίοις
433 1642 505 1705 ὡς
542 1644 812 1712 πρότερον
859 1638 1034 1712 εἶχον,
1079 1643 1156 1704 εἰς
1194 1646 1482 1709 Αἴγυπτον
1521 1639 1906 1708 ἀπηλλάττετο.

212 1730 397 1799 <112>
436 1729 527 1783 καὶ
574 1732 711 1784 κατὰ
758 1732 859 1799 τὴν
902 1733 1133 1800 πορείαν
1183 1740 1299 1792 τοῖς
1332 1728 1736 1798 Ἱεροσολύμοις
1773 1746 1906 1798 προ-

212 1820 458 1887 σελθών,
497 1817 589 1871 καὶ
620 1821 721 1888 τὴν
761 1818 1108 1888 βλεπομένην
1147 1819 1363 1888 λυπρὰν
1397 1817 1628 1888 ἐρημίαν
1660 1815 1908 1879 ἀντιθεὶς

212 1914 277 1975 τῇ
323 1925 454 1960 ποτε
499 1915 594 1975 τῆς
640 1910 850 1970 πόλεως
889 1909 1250 1977 λαμπρότητι,
1297 1905 1387 1959 καὶ
1419 1908 1481 1960 τὸ
1521 1905 1758 1976 μέγεθος
1795 1914 1906 1958 τῶν
1931 1929 1974 1960 20

214 1994 568 2069 ἐρρηγμένων
599 1997 1129 2066 κατασκευασμάτων
1159 1994 1252 2049 καὶ
1290 1998 1352 2048 τὸ
1392 1996 1560 2049 πάλαι
1599 1995 1800 2057 κάλλος
1832 1995 1908 2056 εἰς

213 2086 436 2152 μνήμην
484 2088 814 2153 βαλόμενος,
861 2084 1087 2157 ᾤκτειρε
1126 2092 1221 2153 τῆς
1259 2087 1471 2147 πόλεως
1509 2085 1607 2136 τὸν
1648 2085 1908 2152 ὄλεθρον,

211 2172 396 2242 <113>
436 2173 536 2244 οὐχ
577 2174 758 2243 ὥσπερ
801 2175 965 2237 ἄλλος
1004 2175 1073 2227 ἄν
1112 2194 1194 2236 τις
1233 2172 1420 2243 αὐχῶν
1452 2173 1537 2226 ὅτι
1575 2171 1909 2241 τηλικαύτην

213 2257 389 2314 οὖσαν
429 2260 519 2314 καὶ
559 2264 832 2331 τοσαύτην
872 2256 983 2316 εἷλε
1022 2263 1157 2316 κατὰ
1198 2262 1421 2331 κράτος,
1468 2261 1607 2314 ἀλλὰ
1645 2260 1910 2321 πολλάκις

211 2349 565 2420 ἐπαρώμενος
602 2361 717 2414 τοῖς
758 2353 955 2414 αἰτίοις
994 2358 1088 2420 τῆς
1127 2350 1477 2413 ἀποστάσεως
1511 2349 1784 2419 ὑπάρξασι
1817 2347 1907 2402 καὶ
1933 2371 1975 2403 25

211 2440 418 2507 ταύτην
444 2437 532 2492 ἐπὶ
563 2447 626 2509 τῇ
659 2442 817 2493 πόλει
848 2440 949 2508 τὴν
973 2443 1244 2510 τιμωρίαν
1267 2438 1532 2508 γενέσθαι
1563 2438 1909 2507 παρασκευά-

212 2541 397 2580 σασιν·
461 2527 635 2590 οὕτως
689 2529 920 2596 ἔκδηλος
973 2525 1043 2597 ἧν
1098 2529 1202 2582 οὐκ
1256 2527 1325 2580 ἂν
1379 2527 1649 2596 ἐθελήσας
1703 2525 1762 2579 ἐκ
1815 2533 1910 2595 τῆς

214 2625 503 2686 συμφορᾶς
542 2626 652 2669 τῶν
691 2616 1084 2670 κολασθέντων
1131 2615 1396 2685 γενέσθαι
1444 2623 1540 2684 τῆς
1579 2615 1774 2684 ἀρετῆς
1813 2614 1909 2667 αὐ-

210 2714 313 2759 τοῦ
359 2707 460 2775 τὴν
508 2705 852 2775 ἐπιφάνειαν.
928 2707 1110 2774 <114>
1157 2714 1259 2764 τοῦ
1306 2702 1367 2758 δὲ
1412 2709 1624 2758 πολλοῦ
1663 2704 1909 2756 πλούτου

211 2802 308 2862 τῆς
352 2797 563 2857 πόλεως
611 2796 690 2847 ἔτι
736 2793 840 2846 κάν
886 2803 1001 2857 τοῖς
1049 2793 1309 2865 ἐρειπίοις
1357 2793 1459 2847 οὐκ
1505 2793 1697 2861 ὀλίγον
1745 2790 1910 2861 μέρος
1932 2814 1976 2845 30

212 2882 598 2951 ἀνηυρίσκετο·
639 2883 822 2951 <115>
861 2883 927 2935 τὰ
967 2880 1069 2952 μὲν
1108 2884 1212 2952 γὰρ
1253 2883 1429 2936 πολλὰ
1469 2880 1814 2934 ἀνέσκαπτον
1856 2881 1913 2933 οἱ
