2032 3128
197 89 300 141 168
621 93 746 135 ΤοΤ
781 94 1124 136 ΙοΤΔΑΙΚοτ
1153 96 1460 139 HOAEMOT

191 232 303 276 τῶν
335 221 397 276 δὲ
427 227 730 294 προθύμως
759 225 851 280 καὶ
882 228 1014 296 μετὰ
1044 232 1250 297 πολλῆς
1279 230 1460 299 χειρὸς
1498 229 1874 300 ἐργαζομένων

193 314 417 380 στερεὸν
454 314 533 375 εἰς
572 314 888 377 διακοσίους
924 318 1114 385 πήχεις
1143 316 1348 384 ὑψώθη
1381 319 1442 370 τὸ
1475 327 1642 387 χῶμα.
1692 319 1873 386 (307.)
1986 349 2001 391 s*

193 399 259 452 οὐ
307 401 416 468 μὴν
463 401 590 454 οὔτε
639 401 866 470 βέβαιον
913 402 1030 457 οὔτ’
1067 404 1331 474 αὔταρκες
1381 404 1558 459 ἐδόκει
1602 408 1764 454 τοῦτο
1809 402 1873 454 τὸ
1985 399 2008 413 ”’

190 486 391 557 μέτρον
441 485 585 541 εἶναι
631 500 746 546 τοῖς
795 493 1180 554 μηχανήμασιν
1230 484 1307 548 ε’ἰς
1357 485 1694 556 ἐπιβάθραν,
1747 484 1868 541 ἀλλ’
1977 456 2010 565 «ξ

189 574 272 625 ἐπ’
309 572 481 624 αὐτοῦ
518 574 666 640 βῆμα
713 575 893 625 λίθων
935 574 1189 641 μεγάλων
1228 575 1687 643 συνηρμοσμένον
1726 575 1874 629 ἐποι-
1908 599 1940 631 Δ5
1984 576 2003 638 'ji

187 663 330 728 η’θη,
376 662 714 728 πεντήκοντα
759 662 977 730 πήχεων
1024 657 1187 730 εὖρός
1231 682 1288 715 τε
1327 661 1418 715 καὶ
1464 662 1620 726 ὕψος.
1695 664 1876 733 <308>

190 744 261 817 ἧν
300 745 363 801 δὲ
400 757 511 801 τῶν
550 749 734 800 ἄλλων
772 767 829 800 τε
869 750 1273 817 μηχανημάτων
1304 750 1338 815 ἡ
1371 753 1674 821 κατασκευὴ
1705 770 1876 822 παρα-

190 840 394 905 πλησία
424 846 538 899 τοῖς
567 833 806 905 ὑπὸμὲν
829 835 1221 889 ’δεσπασιανοῢ
1252 838 1522 904 πρότερον
1548 841 1680 905 μετὰ
1703 849 1876 890 ταῦτα

192 923 240 979 δ’
278 926 385 979 ὑπὸ
433 928 598 978 Τίτου
637 927 773 995 πρὸς
810 926 903 987 τὰς
934 928 1254 994 πολιορκίας
1290 924 1654 994 ἐπινοηθεῖσι,
1695 925 1877 994 <3Ο9>

191 1012 283 1067 καὶ
320 1015 530 1084 πύργος
569 1012 1004 1083 ἑξηκοντάπηχυς
1036 1013 1422 1082 συνετελέσθη,
1463 1015 1674 1086 σιδήρῳ
1714 1033 1875 1070 κατατ
1902 1037 1945 1070 10

191 1101 573 1172 πεφραγμένος
618 1103 784 1171 ἄπας,
832 1101 885 1165 ἐξ
934 1098 1002 1155 οὗ
1047 1106 1275 1164 πολλοῖς
1321 1101 1603 1170 ὀξυβελέσι
1648 1101 1740 1155 καὶ
1784 1121 1878 1155 πε-

190 1194 480 1261 τροβόλοις
517 1190 815 1259 βάλλοντες
854 1191 913 1243 οἱ
940 1188 1192 1259 Ῥωμαῖοι
1230 1193 1359 1253 τοὺς
1397 1189 1503 1244 ἀπὸ
1535 1198 1634 1243 τοῦ
1665 1194 1880 1260 τείχους

192 1279 536 1350 μαχομένους
574 1278 777 1349 ταχέως
816 1277 1134 1332 ἀνέστειλαν
1173 1277 1264 1331 καὶ
1302 1280 1639 1348 προκύπτειν
1679 1279 1880 1333 ἐκώλυ-

192 1382 312 1421 σαν.
388 1368 572 1435 <310>
621 1367 680 1420 έν
726 1367 905 1439 ταύτῷ
956 1364 1018 1420 δὲ
1064 1365 1154 1420 καὶ
1193 1368 1353 1437 κριὸν
1393 1367 1421 1421 ὁ
1462 1370 1670 1430 Σίλεας
1708 1366 1882 1437 μέγαν

191 1456 763 1525 κατασκευασάμενος,
834 1465 1080 1526 συνεχεῖς
1139 1461 1424 1509 ποιεῖσθαι
1484 1457 1747 1518 κελεύσας
1804 1463 1879 1528 τῷ
1906 1479 1949 1511 15
1995 1438 2018 1515 ‚³²³

191 1549 356 1615 τείχει
394 1545 489 1607 τὰς
528 1544 788 1614 ἐμβολάς,
837 1546 995 1612 μόλις
1033 1541 1134 1612 μὲν
1174 1540 1293 1597 ἀλλ’
1341 1540 1446 1597 οὑν
1485 1543 1793 1614 ἀναρρήξας
1829 1564 1882 1598 τι

194 1634 359 1703 μέρος
398 1634 569 1687 αὐτοῦ
607 1635 916 1701 κατήρειψε.
992 1634 1173 1702 <311>
1222 1633 1508 1701 φθάνουσι
1549 1632 1597 1686 δ’
1639 1634 1698 1687 oc
1732 1634 1883 1686 σικά-

194 1742 306 1794 ριοι
344 1721 547 1791 ταχέως
586 1723 823 1775 ἔνδοθεν
864 1722 1361 1791 οἰκοδομησάμενοι
1391 1731 1568 1792 τεῖχος
1607 1721 1814 1792 ἕτερον,
1852 1721 1881 1775 ὃ

194 1807 322 1880 μηδ’
359 1812 466 1864 ὑπὸ
513 1820 625 1863 τῶν
665 1810 1069 1880 μηχανημάτων
1110 1813 1334 1879 ἔμελλεν
1375 1811 1570 1879 ὅμοιόν
1608 1830 1658 1863 τι
1705 1814 1883 1864 πείσε-

195 1905 356 1953 σθαι·
397 1901 643 1968 μαλακὸν
682 1901 787 1968 γὰρ
828 1899 962 1952 αὐτὸ
1002 1897 1093 1952 καὶ
1131 1900 1232 1968 τὴν
1273 1901 1621 1969 σφοδρότητα
1659 1907 1755 1969 τῆς
1794 1899 1883 1969 ἐμ-
1907 1922 1952 1954 20
2014 1885 2015 1888 Ἴ

195 1992 363 2058 βολῆς
408 1989 701 2041 ὑπεκλύειν
742 1989 1059 2057 δυνάμενον
1097 1989 1294 2061 τοιςόδε
1338 1991 1522 2062 τρόπω
1561 1989 1885 2042 κατεσκεύα-

195 2091 315 2130 σαν.
400 2077 596 2146 <312>
659 2078 859 2139 δοκοὺς
919 2077 1157 2146 μεγάλας
1220 2075 1308 2130 ἐπὶ
1370 2086 1542 2147 μῆκος
1600 2087 1886 2147 προσεχεῖς

197 2165 456 2234 ἀλλήλαις
509 2167 644 2219 κατὰ
698 2167 799 2234 τὴν
852 2167 1026 2235 τομὴν
1077 2165 1406 2221 συνέθεσαν.
1483 2167 1585 2220 δύο
1638 2165 1685 2219 δ’
1740 2162 1886 2235 ,ἦσαν
2009 2156 2032 2238 ,Ῠ

197 2258 372 2324 στίχοι
403 2256 766 2323 παράλληλοι,
797 2263 1065 2309 τοσοῦτον
1099 2256 1384 2318 διεστῶτες
1415 2255 1550 2309 ὅσον
1583 2251 1725 2308 εἶναι
1752 2255 1886 2308 πλά-
1996 2314 2002 2323 ⁴

197 2364 290 2407 τος
335 2347 573 2414 τείχους,
621 2342 712 2396 καὶ
761 2342 931 2412 μέσον
980 2343 1189 2414 ἀμφοῖν
1234 2346 1333 2397 τὸν
1379 2351 1515 2413 χοῦν
1565 2343 1885 2414 ἐνεφόρουν.
1911 2365 1954 2398 25
2001 2334 2018 2394 η’

196 2432 380 2502 <313>
411 2432 559 2494 ὅπως
593 2429 653 2484 δὲ
686 2431 814 2501 μηδ’
838 2430 1162 2501 ὑψουμένου
1193 2440 1294 2486 τοῦ
1326 2434 1573 2503 χώματος
1603 2432 1637 2501 ἡ
1668 2440 1736 2500 γῆ
1770 2433 1887 2485 δια-

197 2522 406 2592 χέοιτο,
444 2522 611 2574 πάλιν
652 2519 858 2588 ἑτέραις
898 2523 1085 2584 δοκοῖς
1124 2520 1464 2592 ἐπικαρσίαις
1492 2522 1588 2584 τὰς
1617 2521 1752 2573 κατὰ
1787 2529 1887 2590 μῆ-

196 2629 293 2672 κος
346 2609 599 2679 κειμένας
654 2609 895 2663 διέδουν.
971 2610 1170 2679 <314>
1223 2606 1294 2679 ἦν
1344 2605 1448 2663 οὖν
1502 2608 1733 2672 ἐκείνοις
1787 2606 1888 2678 μὲν

199 2701 489 2771 οἰκοδομία
535 2701 597 2752 τὸ
645 2701 811 2767 ἔργον
856 2701 1268 2769 παραπλήσιον,
1322 2708 1434 2752 τῶν
1483 2698 1887 2768 μηχανημάτων

199 2785 250 2839 δ’
287 2788 348 2839 αἱ
381 2786 586 2856 πληγαὶ
624 2790 926 2859 φερόμεναι
965 2789 1104 2856 πρὸς
1142 2784 1291 2842 εἶκον
1331 2786 1638 2855 ἐξελύοντο,
1680 2785 1773 2840 καὶ
1810 2793 1885 2858 τῷ
1910 2808 1955 2842 so

200 2876 349 2949 σάλῳ
398 2876 693 2940 συνιζάνον
742 2875 968 2929 ἐποίουν
1010 2877 1144 2930 αὐτὸ
1193 2878 1613 2947 στεριφώτερον.
1689 2876 1885 2944 <315>
