<?xml version="1.0" encoding="UTF-8"?>
<!DOCTYPE html PUBLIC "-//W3C//DTD XHTML 1.0 Transitional//EN"
    "http://www.w3.org/TR/xhtml1/DTD/xhtml1-transitional.dtd">
<html xmlns="http://www.w3.org/1999/xhtml" xml:lang="en" lang="en">
 <head>
  <title>
</title>
<meta http-equiv="Content-Type" content="text/html;charset=utf-8" />
  <meta name='ocr-system' content='tesseract 3.04.00' />
  <meta name='ocr-capabilities' content='ocr_page ocr_carea ocr_par ocr_line ocrx_word'/>
</head>
<body>
  <div class='ocr_page' id='page_1' title='image "./flaviiiosephiope06joseuoft_0175.png"; bbox 0 0 2032 3128; ppageno 0'>
   <div class='ocr_carea' id='block_1_1' title="bbox 750 97 1812 150">
    <p class='ocr_par' dir='ltr' id='par_1_1' title="bbox 750 97 1812 150">
     <span class='ocr_line' id='line_1_1' title="bbox 750 97 1812 150; baseline 0.002 -12"><span class='ocrx_word' id='word_1_1' title='bbox 750 99 959 140; x_wconf 77' lang='grc' dir='ltr'><strong>ΛΟΓΟΣ</strong></span> <span class='ocrx_word' id='word_1_2' title='bbox 990 100 1190 140; x_wconf 80' lang='grc' dir='ltr'>ΕΚΤΟΣ</span> <span class='ocrx_word' id='word_1_3' title='bbox 1707 97 1812 150; x_wconf 86' lang='lat'><em>119</em></span> 
     </span>
    </p>
   </div>
   <div class='ocr_carea' id='block_1_2' title="bbox 12 229 1879 2955">
    <p class='ocr_par' dir='ltr' id='par_1_2' title="bbox 77 229 1814 1004">
     <span class='ocr_line' id='line_1_2' title="bbox 127 229 1811 303; baseline 0.002 -22"><span class='ocrx_word' id='word_1_4' title='bbox 127 230 232 297; x_wconf 82' lang='grc' dir='ltr'><em>γὰρ</em></span> <span class='ocrx_word' id='word_1_5' title='bbox 273 231 349 292; x_wconf 85' lang='grc' dir='ltr'><em>εἰς</em></span> <span class='ocrx_word' id='word_1_6' title='bbox 387 229 488 296; x_wconf 86' lang='grc' dir='ltr'><em>τὴν</em></span> <span class='ocrx_word' id='word_1_7' title='bbox 527 231 735 299; x_wconf 82' lang='grc' dir='ltr'><em>ἔρημον</em></span> <span class='ocrx_word' id='word_1_8' title='bbox 785 229 874 284; x_wconf 88' lang='grc' dir='ltr'><em>καὶ</em></span> <span class='ocrx_word' id='word_1_9' title='bbox 921 234 1268 294; x_wconf 82' lang='grc' dir='ltr'><strong><em>καταλείψειν</em></strong></span> <span class='ocrx_word' id='word_1_10' title='bbox 1308 231 1453 303; x_wconf 74' lang='grc' dir='ltr'><em>αὐτῷ</em></span> <span class='ocrx_word' id='word_1_11' title='bbox 1493 232 1593 299; x_wconf 88' lang='grc' dir='ltr'><em>τὴν</em></span> <span class='ocrx_word' id='word_1_12' title='bbox 1632 234 1811 285; x_wconf 90' lang='grc' dir='ltr'><em>πόλιν.</em></span> 
     </span>
     <span class='ocr_line' id='line_1_3' title="bbox 126 316 1812 390; baseline 0.001 -20"><span class='ocrx_word' id='word_1_13' title='bbox 126 316 307 385; x_wconf 80' lang='grc'>&lt;352&gt;</span> <span class='ocrx_word' id='word_1_14' title='bbox 346 319 482 387; x_wconf 89' lang='grc' dir='ltr'><em>πρὸς</em></span> <span class='ocrx_word' id='word_1_15' title='bbox 519 317 669 371; x_wconf 85' lang='grc' dir='ltr'><em>ταῦτ’</em></span> <span class='ocrx_word' id='word_1_16' title='bbox 708 318 1087 387; x_wconf 80' lang='grc' dir='ltr'><em>ἀγανακτήσας</em></span> <span class='ocrx_word' id='word_1_17' title='bbox 1134 323 1308 388; x_wconf 80' lang='grc' dir='ltr'><em>Τίτος,</em></span> <span class='ocrx_word' id='word_1_18' title='bbox 1346 322 1397 372; x_wconf 82' lang='grc' dir='ltr'><em>εἰ</em></span> <span class='ocrx_word' id='word_1_19' title='bbox 1432 322 1603 390; x_wconf 83' lang='grc' dir='ltr'><em>τύχην</em></span> <span class='ocrx_word' id='word_1_20' title='bbox 1644 318 1812 372; x_wconf 81' lang='grc' dir='ltr'><em>ἑαλω-</em></span> 
     </span>
     <span class='ocr_line' id='line_1_4' title="bbox 124 406 1812 478; baseline 0.002 -21"><span class='ocrx_word' id='word_1_21' title='bbox 124 408 301 458; x_wconf 88' lang='grc' dir='ltr'><em>κότων</em></span> <span class='ocrx_word' id='word_1_22' title='bbox 350 407 566 474; x_wconf 80' lang='grc' dir='ltr'><em>ἔχοντες</em></span> <span class='ocrx_word' id='word_1_23' title='bbox 613 406 848 476; x_wconf 78' lang='grc' dir='ltr'><em>αἱρέσεις</em></span> <span class='ocrx_word' id='word_1_24' title='bbox 899 407 1045 478; x_wconf 78' lang='grc' dir='ltr'><em>αὐτῷ</em></span> <span class='ocrx_word' id='word_1_25' title='bbox 1093 412 1483 476; x_wconf 78' lang='grc' dir='ltr'><em>προτείνουσιν</em></span> <span class='ocrx_word' id='word_1_26' title='bbox 1529 411 1812 475; x_wconf 86' lang='grc' dir='ltr'><em>νενικηκό-</em></span> 
     </span>
     <span class='ocr_line' id='line_1_5' title="bbox 123 491 1814 564; baseline 0.002 -19"><span class='ocrx_word' id='word_1_27' title='bbox 123 513 263 561; x_wconf 90' lang='grc' dir='ltr'><em>των,</em></span> <span class='ocrx_word' id='word_1_28' title='bbox 310 493 540 563; x_wconf 83' lang='grc' dir='ltr'><em>κηρῦξαι</em></span> <span class='ocrx_word' id='word_1_29' title='bbox 580 491 680 562; x_wconf 75' lang='grc' dir='ltr'><em>μὲν</em></span> <span class='ocrx_word' id='word_1_30' title='bbox 722 495 1006 548; x_wconf 83' lang='grc' dir='ltr'><em>ἐκέλευσεν</em></span> <span class='ocrx_word' id='word_1_31' title='bbox 1045 497 1123 556; x_wconf 89' lang='grc' dir='ltr'><em>είς</em></span> <span class='ocrx_word' id='word_1_32' title='bbox 1162 494 1365 556; x_wconf 84' lang='grc' dir='ltr'><em>αὐτοὺς</em></span> <span class='ocrx_word' id='word_1_33' title='bbox 1411 493 1531 562; x_wconf 82' lang='grc' dir='ltr'><em>μήτ’</em></span> <span class='ocrx_word' id='word_1_34' title='bbox 1578 495 1814 564; x_wconf 86' lang='grc' dir='ltr'><em>αὐτομο-</em></span> 
     </span>
     <span class='ocr_line' id='line_1_6' title="bbox 77 579 1813 652; baseline 0 -17"><span class='ocrx_word' id='word_1_35' title='bbox 77 603 99 635; x_wconf 87' lang='lat'>5</span> <span class='ocrx_word' id='word_1_36' title='bbox 122 585 241 634; x_wconf 86' lang='grc' dir='ltr'><em>λεῖν</em></span> <span class='ocrx_word' id='word_1_37' title='bbox 294 583 372 633; x_wconf 81' lang='grc' dir='ltr'><em>ἔτι</em></span> <span class='ocrx_word' id='word_1_38' title='bbox 427 583 559 650; x_wconf 89' lang='grc' dir='ltr'><em>μήτε</em></span> <span class='ocrx_word' id='word_1_39' title='bbox 615 581 801 645; x_wconf 77' lang='grc' dir='ltr'><em>δεξιὰν</em></span> <span class='ocrx_word' id='word_1_40' title='bbox 853 581 1088 646; x_wconf 82' lang='grc' dir='ltr'><em>ἐλπίζειν</em></span> <span class='ocrx_word' id='word_1_41' title='bbox 1137 579 1455 652; x_wconf 80' lang='grc' dir='ltr'><em>(φείσεσθαι</em></span> <span class='ocrx_word' id='word_1_42' title='bbox 1503 584 1607 651; x_wconf 79' lang='grc' dir='ltr'><em>γὰρ</em></span> <span class='ocrx_word' id='word_1_43' title='bbox 1654 583 1813 636; x_wconf 80' lang='grc' dir='ltr'><em>οὐδε-</em></span> 
     </span>
     <span class='ocr_line' id='line_1_7' title="bbox 121 668 1814 740; baseline 0.001 -18"><span class='ocrx_word' id='word_1_44' title='bbox 121 668 267 739; x_wconf 86' lang='grc' dir='ltr'><em>νός),</em></span> <span class='ocrx_word' id='word_1_45' title='bbox 306 668 489 737; x_wconf 79' lang='grc'>&lt;353&gt;</span> <span class='ocrx_word' id='word_1_46' title='bbox 531 669 670 723; x_wconf 85' lang='grc' dir='ltr'><em>ἀλλὰ</em></span> <span class='ocrx_word' id='word_1_47' title='bbox 708 671 854 740; x_wconf 84' lang='grc' dir='ltr'><em>πάσῃ</em></span> <span class='ocrx_word' id='word_1_48' title='bbox 895 670 1130 738; x_wconf 82' lang='grc' dir='ltr'><em>δυνάμει</em></span> <span class='ocrx_word' id='word_1_49' title='bbox 1163 670 1456 739; x_wconf 89' lang='grc' dir='ltr'><em>μάχεσθαι,</em></span> <span class='ocrx_word' id='word_1_50' title='bbox 1496 669 1586 722; x_wconf 88' lang='grc' dir='ltr'><em>καὶ</em></span> <span class='ocrx_word' id='word_1_51' title='bbox 1620 672 1814 734; x_wconf 82' lang='grc' dir='ltr'><em>σώζειν</em></span> 
     </span>
     <span class='ocr_line' id='line_1_8' title="bbox 123 755 1813 828; baseline 0.001 -19"><span class='ocrx_word' id='word_1_52' title='bbox 123 755 351 819; x_wconf 83' lang='grc' dir='ltr'><em>ἑαυτοὺς</em></span> <span class='ocrx_word' id='word_1_53' title='bbox 382 757 528 819; x_wconf 81' lang='grc' dir='ltr'><em>ὅπως</em></span> <span class='ocrx_word' id='word_1_54' title='bbox 560 757 629 810; x_wconf 77' lang='grc' dir='ltr'><em>ἂν</em></span> <span class='ocrx_word' id='word_1_55' title='bbox 662 759 961 810; x_wconf 79' lang='grc' dir='ltr'><em>δύνωνται·</em></span> <span class='ocrx_word' id='word_1_56' title='bbox 1001 758 1179 810; x_wconf 86' lang='grc' dir='ltr'><em>πάντα</em></span> <span class='ocrx_word' id='word_1_57' title='bbox 1211 759 1314 826; x_wconf 81' lang='grc' dir='ltr'><em>γὰρ</em></span> <span class='ocrx_word' id='word_1_58' title='bbox 1348 758 1512 821; x_wconf 89' lang='grc' dir='ltr'><em>αὐτὸς</em></span> <span class='ocrx_word' id='word_1_59' title='bbox 1539 760 1644 827; x_wconf 75' lang='grc' dir='ltr'><em>ἤδη</em></span> <span class='ocrx_word' id='word_1_60' title='bbox 1677 760 1813 828; x_wconf 90' lang='grc' dir='ltr'><em>πρά-</em></span> 
     </span>
     <span class='ocr_line' id='line_1_9' title="bbox 121 843 1813 918; baseline 0.002 -21"><span class='ocrx_word' id='word_1_61' title='bbox 121 844 236 908; x_wconf 80' lang='grc' dir='ltr'><em>ξειν</em></span> <span class='ocrx_word' id='word_1_62' title='bbox 274 843 518 913; x_wconf 89' lang='grc' dir='ltr'><em>πολέμου</em></span> <span class='ocrx_word' id='word_1_63' title='bbox 558 848 726 918; x_wconf 78' lang='grc' dir='ltr'><em>νόμῳ</em></span> <span class='ocrx_word' id='word_1_64' title='bbox 789 856 903 908; x_wconf 82' lang='grc' dir='ltr'><em>τοῖς</em></span> <span class='ocrx_word' id='word_1_65' title='bbox 944 843 1005 898; x_wconf 89' lang='grc' dir='ltr'><em>δε</em></span> <span class='ocrx_word' id='word_1_66' title='bbox 1045 847 1399 912; x_wconf 90' lang='grc' dir='ltr'><em>στρατιώταις</em></span> <span class='ocrx_word' id='word_1_67' title='bbox 1439 846 1813 915; x_wconf 85' lang='grc' dir='ltr'><em>ἐμπιμπράναι</em></span> 
     </span>
     <span class='ocr_line' id='line_1_10' title="bbox 120 930 1813 1004; baseline 0.001 -18"><span class='ocrx_word' id='word_1_68' title='bbox 120 933 211 986; x_wconf 86' lang='grc' dir='ltr'><em>καὶ</em></span> <span class='ocrx_word' id='word_1_69' title='bbox 244 934 561 1003; x_wconf 80' lang='grc' dir='ltr'><em>διαρπάζειν</em></span> <span class='ocrx_word' id='word_1_70' title='bbox 602 933 861 1003; x_wconf 84' lang='grc' dir='ltr'><em>ἐπέτρεψε</em></span> <span class='ocrx_word' id='word_1_71' title='bbox 900 935 1002 1001; x_wconf 87' lang='grc' dir='ltr'><em>τὴν</em></span> <span class='ocrx_word' id='word_1_72' title='bbox 1041 936 1218 987; x_wconf 90' lang='grc' dir='ltr'><em>πόλιν.</em></span> <span class='ocrx_word' id='word_1_73' title='bbox 1274 934 1455 1004; x_wconf 80' lang='grc'>&lt;354&gt;</span> <span class='ocrx_word' id='word_1_74' title='bbox 1495 939 1553 988; x_wconf 93' lang='grc' dir='ltr'><em>οι</em></span> <span class='ocrx_word' id='word_1_75' title='bbox 1588 930 1639 987; x_wconf 84' lang='grc' dir='ltr'><em>δ’</em></span> <span class='ocrx_word' id='word_1_76' title='bbox 1677 934 1813 988; x_wconf 83' lang='grc' dir='ltr'><em>ἐκεί-</em></span> 
     </span>
    </p>

    <p class='ocr_par' dir='ltr' id='par_1_3' title="bbox 57 1021 1814 1445">
     <span class='ocr_line' id='line_1_11' title="bbox 57 1021 1788 1095; baseline -0.001 -18"><span class='ocrx_word' id='word_1_77' title='bbox 57 1046 98 1077; x_wconf 89' lang='grc' dir='ltr'><em>ιο</em></span> <span class='ocrx_word' id='word_1_78' title='bbox 120 1042 226 1090; x_wconf 88' lang='grc' dir='ltr'><em>νην</em></span> <span class='ocrx_word' id='word_1_79' title='bbox 278 1042 378 1091; x_wconf 89' lang='grc' dir='ltr'><em>μεν</em></span> <span class='ocrx_word' id='word_1_80' title='bbox 430 1021 661 1092; x_wconf 82' lang='grc' dir='ltr'><em>ἐπέσχον</em></span> <span class='ocrx_word' id='word_1_81' title='bbox 707 1024 810 1091; x_wconf 84' lang='grc' dir='ltr'><em>τὴν</em></span> <span class='ocrx_word' id='word_1_82' title='bbox 855 1021 1096 1091; x_wconf 79' lang='grc' dir='ltr'><em>ἡμέραν,</em></span> <span class='ocrx_word' id='word_1_83' title='bbox 1146 1030 1210 1092; x_wconf 74' lang='grc' dir='ltr'><em>τῇ</em></span> <span class='ocrx_word' id='word_1_84' title='bbox 1261 1021 1312 1076; x_wconf 83' lang='grc' dir='ltr'><em>δ’</em></span> <span class='ocrx_word' id='word_1_85' title='bbox 1347 1024 1609 1095; x_wconf 84' lang='grc' dir='ltr'><em>ὑστεραία</em></span> <span class='ocrx_word' id='word_1_86' title='bbox 1660 1026 1720 1076; x_wconf 89' lang='grc' dir='ltr'><em>τό</em></span> <span class='ocrx_word' id='word_1_87' title='bbox 1758 1046 1788 1077; x_wconf 89' lang='grc' dir='ltr'><em>τ</em></span> 
     </span>
     <span class='ocr_line' id='line_1_12' title="bbox 119 1109 1812 1181; baseline 0.001 -18"><span class='ocrx_word' id='word_1_88' title='bbox 119 1109 341 1180; x_wconf 89' lang='grc' dir='ltr'><em>ἀρχειον</em></span> <span class='ocrx_word' id='word_1_89' title='bbox 387 1109 478 1164; x_wconf 89' lang='grc' dir='ltr'><em>καὶ</em></span> <span class='ocrx_word' id='word_1_90' title='bbox 529 1113 630 1180; x_wconf 83' lang='grc' dir='ltr'><em>τὴν</em></span> <span class='ocrx_word' id='word_1_91' title='bbox 678 1112 855 1179; x_wconf 87' lang='grc' dir='ltr'><em>άκραν</em></span> <span class='ocrx_word' id='word_1_92' title='bbox 905 1109 997 1164; x_wconf 88' lang='grc' dir='ltr'><em>καὶ</em></span> <span class='ocrx_word' id='word_1_93' title='bbox 1036 1113 1097 1164; x_wconf 91' lang='grc' dir='ltr'><em>τὸ</em></span> <span class='ocrx_word' id='word_1_94' title='bbox 1145 1114 1545 1181; x_wconf 87' lang='grc' dir='ltr'><em>βουλευτήριον</em></span> <span class='ocrx_word' id='word_1_95' title='bbox 1582 1111 1674 1165; x_wconf 87' lang='grc' dir='ltr'><em>καὶ</em></span> <span class='ocrx_word' id='word_1_96' title='bbox 1713 1115 1812 1165; x_wconf 87' lang='grc' dir='ltr'><em>τὸν</em></span> 
     </span>
     <span class='ocr_line' id='line_1_13' title="bbox 113 1196 1811 1269; baseline 0.002 -18"><span class='ocrx_word' id='word_1_97' title='bbox 113 1196 318 1268; x_wconf 84' lang='grc' dir='ltr'><em>Ὀφλᾶν</em></span> <span class='ocrx_word' id='word_1_98' title='bbox 356 1201 704 1269; x_wconf 87' lang='grc' dir='ltr'><em>καλούμενον</em></span> <span class='ocrx_word' id='word_1_99' title='bbox 744 1200 993 1268; x_wconf 83' lang='grc' dir='ltr'><em>ὑφῆψαν.</em></span> <span class='ocrx_word' id='word_1_100' title='bbox 1071 1199 1253 1269; x_wconf 78' lang='grc'>&lt;355&gt;</span> <span class='ocrx_word' id='word_1_101' title='bbox 1298 1199 1390 1254; x_wconf 83' lang='grc' dir='ltr'><em>καὶ</em></span> <span class='ocrx_word' id='word_1_102' title='bbox 1427 1202 1710 1269; x_wconf 86' lang='grc' dir='ltr'><em>προύκοψε</em></span> <span class='ocrx_word' id='word_1_103' title='bbox 1749 1203 1811 1254; x_wconf 90' lang='grc' dir='ltr'><em>τὸ</em></span> 
     </span>
     <span class='ocr_line' id='line_1_14' title="bbox 117 1287 1814 1359; baseline 0.002 -19"><span class='ocrx_word' id='word_1_104' title='bbox 117 1296 229 1357; x_wconf 88' lang='grc' dir='ltr'><em>πῦρ</em></span> <span class='ocrx_word' id='word_1_105' title='bbox 277 1287 436 1359; x_wconf 88' lang='grc' dir='ltr'><em>μέχρι</em></span> <span class='ocrx_word' id='word_1_106' title='bbox 483 1297 594 1342; x_wconf 81' lang='grc' dir='ltr'><em>τῶν</em></span> <span class='ocrx_word' id='word_1_107' title='bbox 635 1287 854 1358; x_wconf 80' lang='grc' dir='ltr'><em>Ἑλένης</em></span> <span class='ocrx_word' id='word_1_108' title='bbox 903 1292 1226 1357; x_wconf 87' lang='grc' dir='ltr'><em>βασιλείων,</em></span> <span class='ocrx_word' id='word_1_109' title='bbox 1274 1289 1308 1342; x_wconf 76' lang='grc' dir='ltr'><em>ἃ</em></span> <span class='ocrx_word' id='word_1_110' title='bbox 1356 1291 1424 1358; x_wconf 88' lang='grc' dir='ltr'><em>δὴ</em></span> <span class='ocrx_word' id='word_1_111' title='bbox 1464 1290 1600 1342; x_wconf 80' lang='grc' dir='ltr'><em>κατὰ</em></span> <span class='ocrx_word' id='word_1_112' title='bbox 1639 1288 1814 1358; x_wconf 87' lang='grc' dir='ltr'><em>μέσην</em></span> 
     </span>
     <span class='ocr_line' id='line_1_15' title="bbox 119 1373 1812 1445; baseline 0 -16"><span class='ocrx_word' id='word_1_113' title='bbox 119 1377 220 1444; x_wconf 85' lang='grc' dir='ltr'><em>τὴν</em></span> <span class='ocrx_word' id='word_1_114' title='bbox 252 1378 427 1445; x_wconf 78' lang='grc' dir='ltr'><em>ἄκραν</em></span> <span class='ocrx_word' id='word_1_115' title='bbox 458 1373 543 1444; x_wconf 76' lang='grc' dir='ltr'><em>ἦν.</em></span> <span class='ocrx_word' id='word_1_116' title='bbox 585 1376 836 1431; x_wconf 84' lang='grc' dir='ltr'><em>ἐκαίοντο</em></span> <span class='ocrx_word' id='word_1_117' title='bbox 870 1375 918 1429; x_wconf 87' lang='grc' dir='ltr'><em>δ’</em></span> <span class='ocrx_word' id='word_1_118' title='bbox 953 1378 1012 1430; x_wconf 80' lang='grc' dir='ltr'><em>οἴ</em></span> <span class='ocrx_word' id='word_1_119' title='bbox 1039 1397 1095 1430; x_wconf 89' lang='grc' dir='ltr'><em>τε</em></span> <span class='ocrx_word' id='word_1_120' title='bbox 1129 1375 1397 1430; x_wconf 87' lang='grc' dir='ltr'><em>στενωποὶ</em></span> <span class='ocrx_word' id='word_1_121' title='bbox 1428 1376 1518 1430; x_wconf 86' lang='grc' dir='ltr'><em>καὶ</em></span> <span class='ocrx_word' id='word_1_122' title='bbox 1552 1379 1613 1430; x_wconf 92' lang='grc' dir='ltr'><em>αἱ</em></span> <span class='ocrx_word' id='word_1_123' title='bbox 1643 1380 1812 1432; x_wconf 81' lang='grc' dir='ltr'><em>οἰκίαι</em></span> 
     </span>
    </p>

    <p class='ocr_par' dir='ltr' id='par_1_4' title="bbox 52 1463 1566 1535">
     <span class='ocr_line' id='line_1_16' title="bbox 52 1463 1566 1535; baseline -0.001 -16"><span class='ocrx_word' id='word_1_124' title='bbox 52 1487 93 1519; x_wconf 86' lang='lat'><em>15</em></span> <span class='ocrx_word' id='word_1_125' title='bbox 117 1474 330 1532; x_wconf 81' lang='grc' dir='ltr'><em>νεκρῶν</em></span> <span class='ocrx_word' id='word_1_126' title='bbox 367 1465 474 1518; x_wconf 88' lang='grc' dir='ltr'><em>ὑπὸ</em></span> <span class='ocrx_word' id='word_1_127' title='bbox 515 1474 614 1519; x_wconf 87' lang='grc' dir='ltr'><em>τοῦ</em></span> <span class='ocrx_word' id='word_1_128' title='bbox 647 1470 812 1534; x_wconf 86' lang='grc' dir='ltr'><em>λιμοῦ</em></span> <span class='ocrx_word' id='word_1_129' title='bbox 853 1463 1286 1535; x_wconf 86' lang='grc' dir='ltr'><em>διεφθαρμένων</em></span> <span class='ocrx_word' id='word_1_130' title='bbox 1325 1467 1566 1534; x_wconf 76' lang='grc' dir='ltr'><em>πλήρεις.</em></span> 
     </span>
    </p>

    <p class='ocr_par' dir='ltr' id='par_1_5' title="bbox 228 1552 1812 1623">
     <span class='ocr_line' id='line_1_17' title="bbox 228 1552 1812 1623; baseline 0.001 -16"><span class='ocrx_word' id='word_1_131' title='bbox 228 1553 411 1622; x_wconf 82' lang='lat'>&lt;356&gt;</span> <span class='ocrx_word' id='word_1_132' title='bbox 449 1556 586 1607; x_wconf 80' lang='grc' dir='ltr'><em>κατὰ</em></span> <span class='ocrx_word' id='word_1_133' title='bbox 627 1555 831 1623; x_wconf 88' lang='grc' dir='ltr'><em>ταύτην</em></span> <span class='ocrx_word' id='word_1_134' title='bbox 869 1556 971 1623; x_wconf 84' lang='grc' dir='ltr'><em>τὴν</em></span> <span class='ocrx_word' id='word_1_135' title='bbox 1009 1552 1220 1623; x_wconf 82' lang='grc' dir='ltr'><em>ἡμέραν</em></span> <span class='ocrx_word' id='word_1_136' title='bbox 1253 1555 1311 1607; x_wconf 79' lang='grc' dir='ltr'><em>οἵ</em></span> <span class='ocrx_word' id='word_1_137' title='bbox 1338 1574 1394 1607; x_wconf 91' lang='grc' dir='ltr'><em>τε</em></span> <span class='ocrx_word' id='word_1_138' title='bbox 1422 1553 1626 1619; x_wconf 78' lang='grc' dir='ltr'><em>Ἰζάτου</em></span> <span class='ocrx_word' id='word_1_139' title='bbox 1657 1559 1812 1623; x_wconf 87' lang='grc' dir='ltr'><em>βασι-</em></span> 
     </span>
    </p>

    <p class='ocr_par' dir='ltr' id='par_1_6' title="bbox 117 1636 1810 1713">
     <span class='ocr_line' id='line_1_18' title="bbox 117 1636 1810 1713; baseline 0.001 -18"><span class='ocrx_word' id='word_1_140' title='bbox 117 1641 253 1705; x_wconf 86' lang='grc' dir='ltr'><em>λέως</em></span> <span class='ocrx_word' id='word_1_141' title='bbox 298 1640 413 1696; x_wconf 86' lang='grc' dir='ltr'><em>υἱοὶ</em></span> <span class='ocrx_word' id='word_1_142' title='bbox 460 1642 549 1695; x_wconf 81' lang='grc' dir='ltr'><em>καὶ</em></span> <span class='ocrx_word' id='word_1_143' title='bbox 596 1642 857 1712; x_wconf 86' lang='grc' dir='ltr'><em>ἀδελφοί,</em></span> <span class='ocrx_word' id='word_1_144' title='bbox 910 1645 1048 1709; x_wconf 86' lang='grc' dir='ltr'><em>πρὸς</em></span> <span class='ocrx_word' id='word_1_145' title='bbox 1089 1636 1173 1706; x_wconf 82' lang='grc' dir='ltr'><em>οἷς</em></span> <span class='ocrx_word' id='word_1_146' title='bbox 1219 1642 1416 1696; x_wconf 88' lang='grc' dir='ltr'><em>πολλοὶ</em></span> <span class='ocrx_word' id='word_1_147' title='bbox 1462 1653 1573 1697; x_wconf 84' lang='grc' dir='ltr'><em>τῶν</em></span> <span class='ocrx_word' id='word_1_148' title='bbox 1624 1643 1810 1713; x_wconf 81' lang='grc' dir='ltr'><em>ἐπισή-</em></span> 
     </span>
    </p>

    <p class='ocr_par' dir='ltr' id='par_1_7' title="bbox 116 1728 1812 1803">
     <span class='ocr_line' id='line_1_19' title="bbox 116 1728 1812 1803; baseline 0.002 -20"><span class='ocrx_word' id='word_1_149' title='bbox 116 1751 236 1799; x_wconf 91' lang='grc' dir='ltr'><em>μων</em></span> <span class='ocrx_word' id='word_1_150' title='bbox 274 1728 551 1801; x_wconf 49' lang='grc' dir='ltr'><em>ζδημοτῶν</em></span> <span class='ocrx_word' id='word_1_151' title='bbox 607 1731 722 1784; x_wconf 77' lang='grc' dir='ltr'><em>ἐκεῖ</em></span> <span class='ocrx_word' id='word_1_152' title='bbox 771 1734 1166 1800; x_wconf 75' lang='grc' dir='ltr'><em>συνελθόντες,</em></span> <span class='ocrx_word' id='word_1_153' title='bbox 1224 1730 1510 1785; x_wconf 76' lang='grc' dir='ltr'><em>ἱκέτευσαν</em></span> <span class='ocrx_word' id='word_1_154' title='bbox 1557 1735 1812 1803; x_wconf 86' lang='grc' dir='ltr'><em>Καίσαρα</em></span> 
     </span>
    </p>

    <p class='ocr_par' dir='ltr' id='par_1_8' title="bbox 118 1818 1814 1888">
     <span class='ocr_line' id='line_1_20' title="bbox 118 1818 1814 1888; baseline 0.001 -16"><span class='ocrx_word' id='word_1_155' title='bbox 118 1821 316 1873; x_wconf 89' lang='grc' dir='ltr'><em>δοῦναι</em></span> <span class='ocrx_word' id='word_1_156' title='bbox 357 1819 544 1883; x_wconf 80' lang='grc' dir='ltr'><em>δεξιὰν</em></span> <span class='ocrx_word' id='word_1_157' title='bbox 583 1819 784 1883; x_wconf 79' lang='grc' dir='ltr'><em>αὐτοῖς.</em></span> <span class='ocrx_word' id='word_1_158' title='bbox 860 1820 889 1872; x_wconf 90' lang='grc' dir='ltr'><em>ὃ</em></span> <span class='ocrx_word' id='word_1_159' title='bbox 930 1818 1014 1888; x_wconf 88' lang='grc' dir='ltr'><em>δέ,</em></span> <span class='ocrx_word' id='word_1_160' title='bbox 1051 1822 1232 1872; x_wconf 89' lang='grc' dir='ltr'><em>καίτοι</em></span> <span class='ocrx_word' id='word_1_161' title='bbox 1270 1821 1407 1888; x_wconf 87' lang='grc' dir='ltr'><em>πρὸς</em></span> <span class='ocrx_word' id='word_1_162' title='bbox 1444 1820 1653 1883; x_wconf 78' lang='grc' dir='ltr'><em>πάντας</em></span> <span class='ocrx_word' id='word_1_163' title='bbox 1683 1823 1814 1884; x_wconf 88' lang='grc' dir='ltr'><em>τοὺς</em></span> 
     </span>
    </p>

    <p class='ocr_par' dir='ltr' id='par_1_9' title="bbox 12 1903 1812 1980">
     <span class='ocr_line' id='line_1_21' title="bbox 12 1903 1812 1980; baseline 0.001 -18"><span class='ocrx_word' id='word_1_164' title='bbox 12 1932 15 1934; x_wconf 59' lang='grc'>’</span> <span class='ocrx_word' id='word_1_165' title='bbox 48 1932 92 1963; x_wconf 84' lang='lat'><em>20</em></span> <span class='ocrx_word' id='word_1_166' title='bbox 116 1909 457 1971; x_wconf 74' lang='grc' dir='ltr'><em>ὑπολοίπους</em></span> <span class='ocrx_word' id='word_1_167' title='bbox 490 1908 906 1979; x_wconf 77' lang='grc' dir='ltr'><em>διωργισμένος,</em></span> <span class='ocrx_word' id='word_1_168' title='bbox 940 1909 1042 1962; x_wconf 86' lang='grc' dir='ltr'><em>οὐκ</em></span> <span class='ocrx_word' id='word_1_169' title='bbox 1074 1907 1275 1977; x_wconf 74' lang='grc' dir='ltr'><em>ἤλλαξε</em></span> <span class='ocrx_word' id='word_1_170' title='bbox 1305 1909 1367 1961; x_wconf 91' lang='grc' dir='ltr'><em>τὸ</em></span> <span class='ocrx_word' id='word_1_171' title='bbox 1399 1903 1558 1978; x_wconf 77' lang='grc' dir='ltr'><em>ἦθος,</em></span> <span class='ocrx_word' id='word_1_172' title='bbox 1597 1908 1812 1980; x_wconf 86' lang='grc' dir='ltr'><em>δέχεται</em></span> 
     </span>
    </p>

    <p class='ocr_par' dir='ltr' id='par_1_10' title="bbox 116 1994 1813 2069">
     <span class='ocr_line' id='line_1_22' title="bbox 116 1994 1813 2069; baseline 0 -18"><span class='ocrx_word' id='word_1_173' title='bbox 116 1994 177 2050; x_wconf 77' lang='grc' dir='ltr'><em>δὲ</em></span> <span class='ocrx_word' id='word_1_174' title='bbox 216 2000 346 2060; x_wconf 86' lang='grc' dir='ltr'><em>τοὺς</em></span> <span class='ocrx_word' id='word_1_175' title='bbox 385 1998 606 2067; x_wconf 77' lang='grc' dir='ltr'><em>ἄνδρας.</em></span> <span class='ocrx_word' id='word_1_176' title='bbox 664 1997 848 2067; x_wconf 81' lang='lat'>&lt;357&gt;</span> <span class='ocrx_word' id='word_1_177' title='bbox 887 1996 979 2050; x_wconf 85' lang='grc' dir='ltr'><em>καὶ</em></span> <span class='ocrx_word' id='word_1_178' title='bbox 1018 2000 1138 2050; x_wconf 89' lang='grc' dir='ltr'><em>τότε</em></span> <span class='ocrx_word' id='word_1_179' title='bbox 1180 1994 1283 2065; x_wconf 75' lang='grc' dir='ltr'><em>μὲν</em></span> <span class='ocrx_word' id='word_1_180' title='bbox 1322 1996 1384 2050; x_wconf 84' lang='grc' dir='ltr'><em>ἐν</em></span> <span class='ocrx_word' id='word_1_181' title='bbox 1423 2005 1646 2069; x_wconf 81' lang='grc' dir='ltr'><em>φρουρᾷ</em></span> <span class='ocrx_word' id='word_1_182' title='bbox 1676 1998 1813 2051; x_wconf 88' lang='grc' dir='ltr'><em>πάν-</em></span> 
     </span>
    </p>

    <p class='ocr_par' dir='ltr' id='par_1_11' title="bbox 114 2082 1814 2156">
     <span class='ocr_line' id='line_1_23' title="bbox 114 2082 1814 2156; baseline 0.001 -18"><span class='ocrx_word' id='word_1_183' title='bbox 114 2106 209 2149; x_wconf 88' lang='grc' dir='ltr'><em>τας</em></span> <span class='ocrx_word' id='word_1_184' title='bbox 248 2082 386 2156; x_wconf 79' lang='grc' dir='ltr'><em>εἶχε,</em></span> <span class='ocrx_word' id='word_1_185' title='bbox 437 2089 567 2148; x_wconf 89' lang='grc' dir='ltr'><em>τοὺς</em></span> <span class='ocrx_word' id='word_1_186' title='bbox 607 2083 670 2139; x_wconf 78' lang='grc' dir='ltr'><em>δὲ</em></span> <span class='ocrx_word' id='word_1_187' title='bbox 708 2094 809 2140; x_wconf 84' lang='grc' dir='ltr'><em>τοῦ</em></span> <span class='ocrx_word' id='word_1_188' title='bbox 848 2085 1118 2154; x_wconf 87' lang='grc' dir='ltr'><em>βασιλέως</em></span> <span class='ocrx_word' id='word_1_189' title='bbox 1155 2087 1356 2148; x_wconf 77' lang='grc' dir='ltr'><em>παῖδας</em></span> <span class='ocrx_word' id='word_1_190' title='bbox 1395 2084 1487 2138; x_wconf 91' lang='grc' dir='ltr'><em>καὶ</em></span> <span class='ocrx_word' id='word_1_191' title='bbox 1528 2097 1814 2154; x_wconf 78' lang='grc' dir='ltr'><em>συγγενεῖς</em></span> 
     </span>
    </p>

    <p class='ocr_par' dir='ltr' id='par_1_12' title="bbox 112 2173 1812 2332">
     <span class='ocr_line' id='line_1_24' title="bbox 116 2173 1812 2245; baseline 0.001 -18"><span class='ocrx_word' id='word_1_192' title='bbox 116 2176 288 2244; x_wconf 86' lang='grc' dir='ltr'><em>δήσας</em></span> <span class='ocrx_word' id='word_1_193' title='bbox 341 2175 579 2244; x_wconf 80' lang='grc' dir='ltr'><em>ὕστερον</em></span> <span class='ocrx_word' id='word_1_194' title='bbox 633 2177 711 2237; x_wconf 84' lang='grc' dir='ltr'><em>εἰς</em></span> <span class='ocrx_word' id='word_1_195' title='bbox 758 2173 969 2244; x_wconf 84' lang='grc' dir='ltr'><em>Ῥώμην</em></span> <span class='ocrx_word' id='word_1_196' title='bbox 1024 2174 1294 2243; x_wconf 78' lang='grc' dir='ltr'><em>ἀνήγαγε,</em></span> <span class='ocrx_word' id='word_1_197' title='bbox 1347 2178 1534 2227; x_wconf 90' lang='grc' dir='ltr'><em>πίστιν</em></span> <span class='ocrx_word' id='word_1_198' title='bbox 1589 2175 1812 2245; x_wconf 88' lang='grc' dir='ltr'><em>ὁμήρων</em></span> 
     </span>
     <span class='ocr_line' id='line_1_25' title="bbox 112 2262 460 2332; baseline 0.003 -17"><span class='ocrx_word' id='word_1_199' title='bbox 112 2262 460 2332; x_wconf 79' lang='grc' dir='ltr'><em>παρέξοντας.</em></span> 
     </span>
    </p>

    <p class='ocr_par' dir='ltr' id='par_1_13' title="bbox 45 2349 1879 2778">
     <span class='ocr_line' id='line_1_26' title="bbox 45 2349 1879 2422; baseline 0.001 -18"><span class='ocrx_word' id='word_1_200' title='bbox 45 2374 90 2406; x_wconf 79' lang='lat'><em>25</em></span> <span class='ocrx_word' id='word_1_201' title='bbox 227 2352 409 2421; x_wconf 74' lang='lat'>(358)</span> <span class='ocrx_word' id='word_1_202' title='bbox 459 2353 518 2405; x_wconf 88' lang='grc' dir='ltr'><em>οἱ</em></span> <span class='ocrx_word' id='word_1_203' title='bbox 560 2350 881 2405; x_wconf 85' lang='grc' dir='ltr'><em>στασιασταὶ</em></span> <span class='ocrx_word' id='word_1_204' title='bbox 930 2349 979 2404; x_wconf 85' lang='grc' dir='ltr'><em>δ’</em></span> <span class='ocrx_word' id='word_1_205' title='bbox 1028 2350 1115 2405; x_wconf 87' lang='grc' dir='ltr'><em>ε’πὶ</em></span> <span class='ocrx_word' id='word_1_206' title='bbox 1163 2353 1264 2421; x_wconf 82' lang='grc' dir='ltr'><em>τὴν</em></span> <span class='ocrx_word' id='word_1_207' title='bbox 1311 2353 1605 2421; x_wconf 83' lang='grc' dir='ltr'><em>βασιλικὴν</em></span> <span class='ocrx_word' id='word_1_208' title='bbox 1645 2353 1812 2422; x_wconf 71' lang='grc' dir='ltr'><em>ὁρμή·</em></span> <span class='ocrx_word' id='word_1_209' title='bbox 1847 2355 1879 2406; x_wconf 80' lang='lat'><strong>7</strong></span> 
     </span>
     <span class='ocr_line' id='line_1_27' title="bbox 116 2437 1814 2511; baseline 0 -17"><span class='ocrx_word' id='word_1_210' title='bbox 116 2455 308 2504; x_wconf 86' lang='grc' dir='ltr'><em>σαντες</em></span> <span class='ocrx_word' id='word_1_211' title='bbox 354 2441 560 2509; x_wconf 80' lang='grc' dir='ltr'><em>αὐλήν,</em></span> <span class='ocrx_word' id='word_1_212' title='bbox 607 2443 687 2504; x_wconf 82' lang='grc' dir='ltr'><em>εἰς</em></span> <span class='ocrx_word' id='word_1_213' title='bbox 732 2441 803 2509; x_wconf 76' lang='grc' dir='ltr'><em>ἣν</em></span> <span class='ocrx_word' id='word_1_214' title='bbox 852 2437 924 2493; x_wconf 88' lang='grc' dir='ltr'><em>δι’</em></span> <span class='ocrx_word' id='word_1_215' title='bbox 965 2440 1272 2511; x_wconf 86' lang='grc' dir='ltr'><em>ὀχυρότητα</em></span> <span class='ocrx_word' id='word_1_216' title='bbox 1318 2439 1514 2494; x_wconf 87' lang='grc' dir='ltr'><em>πολλοὶ</em></span> <span class='ocrx_word' id='word_1_217' title='bbox 1554 2441 1648 2504; x_wconf 78' lang='grc' dir='ltr'><em>τὰς</em></span> <span class='ocrx_word' id='word_1_218' title='bbox 1687 2442 1814 2509; x_wconf 89' lang='grc' dir='ltr'><em>κτή-</em></span> 
     </span>
     <span class='ocr_line' id='line_1_28' title="bbox 115 2525 1814 2600; baseline 0.001 -18"><span class='ocrx_word' id='word_1_219' title='bbox 115 2546 227 2592; x_wconf 86' lang='grc' dir='ltr'><em>σεις</em></span> <span class='ocrx_word' id='word_1_220' title='bbox 258 2528 550 2599; x_wconf 80' lang='grc' dir='ltr'><em>ἀπέθεντο,</em></span> <span class='ocrx_word' id='word_1_221' title='bbox 589 2531 721 2593; x_wconf 89' lang='grc' dir='ltr'><em>τούς</em></span> <span class='ocrx_word' id='word_1_222' title='bbox 750 2549 808 2582; x_wconf 88' lang='grc' dir='ltr'><em>τε</em></span> <span class='ocrx_word' id='word_1_223' title='bbox 834 2528 1134 2598; x_wconf 89' lang='grc' dir='ltr'><em>Ῥωμαίους</em></span> <span class='ocrx_word' id='word_1_224' title='bbox 1165 2525 1257 2583; x_wconf 85' lang='grc' dir='ltr'><em>ἀπ’</em></span> <span class='ocrx_word' id='word_1_225' title='bbox 1295 2530 1464 2598; x_wconf 82' lang='grc' dir='ltr'><em>αὐτῆς</em></span> <span class='ocrx_word' id='word_1_226' title='bbox 1501 2527 1814 2600; x_wconf 79' lang='grc' dir='ltr'><em>τρέπονται,</em></span> 
     </span>
     <span class='ocr_line' id='line_1_29' title="bbox 112 2617 1815 2690; baseline 0.001 -20"><span class='ocrx_word' id='word_1_227' title='bbox 112 2617 203 2670; x_wconf 86' lang='grc' dir='ltr'><em>καὶ</em></span> <span class='ocrx_word' id='word_1_228' title='bbox 242 2620 304 2672; x_wconf 93' lang='grc' dir='ltr'><em>τὸ</em></span> <span class='ocrx_word' id='word_1_229' title='bbox 346 2617 836 2690; x_wconf 89' lang='grc' dir='ltr'><em>συνηθροισμένον</em></span> <span class='ocrx_word' id='word_1_230' title='bbox 875 2618 1077 2672; x_wconf 85' lang='grc' dir='ltr'><em>αὐτόθι</em></span> <span class='ocrx_word' id='word_1_231' title='bbox 1115 2627 1216 2672; x_wconf 89' lang='grc' dir='ltr'><em>τοῦ</em></span> <span class='ocrx_word' id='word_1_232' title='bbox 1254 2620 1434 2687; x_wconf 89' lang='grc' dir='ltr'><em>δήμου</em></span> <span class='ocrx_word' id='word_1_233' title='bbox 1466 2626 1577 2671; x_wconf 84' lang='grc' dir='ltr'><em>πᾶν</em></span> <span class='ocrx_word' id='word_1_234' title='bbox 1610 2620 1815 2688; x_wconf 89' lang='grc' dir='ltr'><em>φονεύ-</em></span> 
     </span>
     <span class='ocr_line' id='line_1_30' title="bbox 115 2706 1814 2778; baseline 0.001 -18"><span class='ocrx_word' id='word_1_235' title='bbox 115 2721 327 2777; x_wconf 84' lang='grc' dir='ltr'><em>σαντες,</em></span> <span class='ocrx_word' id='word_1_236' title='bbox 372 2709 536 2771; x_wconf 80' lang='grc' dir='ltr'><em>ὄντας</em></span> <span class='ocrx_word' id='word_1_237' title='bbox 574 2710 653 2770; x_wconf 81' lang='grc' dir='ltr'><em>εἰς</em></span> <span class='ocrx_word' id='word_1_238' title='bbox 692 2707 1133 2777; x_wconf 87' lang='grc' dir='ltr'><em>ὀκτακισχιλίους</em></span> <span class='ocrx_word' id='word_1_239' title='bbox 1171 2706 1264 2760; x_wconf 89' lang='grc' dir='ltr'><em>καὶ</em></span> <span class='ocrx_word' id='word_1_240' title='bbox 1302 2710 1708 2778; x_wconf 89' lang='grc' dir='ltr'><em>τετρακοσίους,</em></span> <span class='ocrx_word' id='word_1_241' title='bbox 1747 2709 1814 2761; x_wconf 85' lang='grc' dir='ltr'><em>τά</em></span> 
     </span>
    </p>

    <p class='ocr_par' dir='ltr' id='par_1_14' title="bbox 45 2792 1815 2955">
     <span class='ocr_line' id='line_1_31' title="bbox 45 2792 1815 2866; baseline 0.001 -19"><span class='ocrx_word' id='word_1_242' title='bbox 45 2816 89 2848; x_wconf 81' lang='lat'><em>30</em></span> <span class='ocrx_word' id='word_1_243' title='bbox 113 2797 361 2866; x_wconf 89' lang='grc' dir='ltr'><em>χρήματα</em></span> <span class='ocrx_word' id='word_1_244' title='bbox 416 2797 745 2866; x_wconf 87' lang='grc' dir='ltr'><em>διήρπασαν.</em></span> <span class='ocrx_word' id='word_1_245' title='bbox 823 2796 1021 2865; x_wconf 81' lang='grc'>&lt;359&gt;</span> <span class='ocrx_word' id='word_1_246' title='bbox 1063 2795 1378 2866; x_wconf 80' lang='grc' dir='ltr'><em>ἐζώγρησαν</em></span> <span class='ocrx_word' id='word_1_247' title='bbox 1435 2792 1496 2848; x_wconf 76' lang='grc' dir='ltr'><em>δὲ</em></span> <span class='ocrx_word' id='word_1_248' title='bbox 1550 2794 1642 2849; x_wconf 84' lang='grc' dir='ltr'><em>καὶ</em></span> <span class='ocrx_word' id='word_1_249' title='bbox 1689 2794 1815 2849; x_wconf 89' lang='grc' dir='ltr'><em>Ῥω-</em></span> 
     </span>
     <span class='ocr_line' id='line_1_32' title="bbox 113 2882 1814 2955; baseline 0.001 -18"><span class='ocrx_word' id='word_1_250' title='bbox 113 2887 292 2952; x_wconf 90' lang='grc' dir='ltr'><em>μαίων</em></span> <span class='ocrx_word' id='word_1_251' title='bbox 333 2886 453 2953; x_wconf 86' lang='grc' dir='ltr'><em>δύο,</em></span> <span class='ocrx_word' id='word_1_252' title='bbox 493 2887 592 2939; x_wconf 92' lang='grc' dir='ltr'><em>τὸν</em></span> <span class='ocrx_word' id='word_1_253' title='bbox 630 2882 732 2955; x_wconf 76' lang='grc' dir='ltr'><em>μὲν</em></span> <span class='ocrx_word' id='word_1_254' title='bbox 774 2884 939 2938; x_wconf 89' lang='grc' dir='ltr'><em>ἱππέα</em></span> <span class='ocrx_word' id='word_1_255' title='bbox 976 2887 1075 2939; x_wconf 91' lang='grc' dir='ltr'><em>τὸν</em></span> <span class='ocrx_word' id='word_1_256' title='bbox 1117 2883 1179 2938; x_wconf 74' lang='grc' dir='ltr'><em>δὲ</em></span> <span class='ocrx_word' id='word_1_257' title='bbox 1218 2887 1395 2949; x_wconf 85' lang='grc' dir='ltr'><em>πεζόν.</em></span> <span class='ocrx_word' id='word_1_258' title='bbox 1458 2883 1548 2938; x_wconf 85' lang='grc' dir='ltr'><em>καὶ</em></span> <span class='ocrx_word' id='word_1_259' title='bbox 1581 2886 1679 2938; x_wconf 89' lang='grc' dir='ltr'><em>τὸν</em></span> <span class='ocrx_word' id='word_1_260' title='bbox 1712 2882 1814 2954; x_wconf 74' lang='grc' dir='ltr'><em>μὲν</em></span> 
     </span>
    </p>
   </div>
  </div>
 </body>
</html>
