2032 3128
681 114 895 156 ΛΟΓΟΣ
926 115 1229 156 ΠΕΜΠΤΟΣ
1712 114 1783 166 25

109 248 467 315 φατνώμασιν
507 246 821 315 ὠρόφωντο.
897 247 1077 315 <191>
1117 248 1329 300 τούτων
1366 247 1400 316 ἡ
1440 245 1541 317 μὲν
1578 250 1784 318 φυσικὴ

107 333 426 388 πολυτέλεια
472 332 562 387 καὶ
610 337 671 388 τὸ
718 333 973 398 εὔξεστον
1010 334 1101 388 καὶ
1147 337 1208 389 τὸ
1260 335 1526 404 ἁρμόνιον
1563 347 1784 407 παρεῖχε

107 426 354 492 θεωρίαν
396 422 704 491 ἀξιόλογον,
746 422 936 477 οὐδενὶ
977 420 1026 476 δ’
1072 423 1281 487 ἔξωθεν
1321 425 1446 478 οὔτε
1480 427 1786 495 ζωγραφίας

108 512 233 565 οὔτε
282 512 550 580 γλυφίδος
600 512 740 584 ἔργῳ
791 511 1211 581 προσηγλάιστο.
1287 513 1469 582 <192>
1516 512 1606 566 καὶ
1655 518 1784 567 πλα-

62 624 82 656 5
105 610 244 653 τεῖαι
284 597 384 669 μὲν
422 595 564 667 ἦσαν
605 598 692 652 ε’πὶ
731 601 1022 668 τριάκοντα
1053 602 1261 669 πήχεις,
1300 601 1329 654 ὁ
1362 598 1423 654 δὲ
1454 609 1558 665 πᾶς
1588 604 1787 665 κύκλος

106 688 287 742 αὐτῶν
320 690 398 751 εἰς
429 688 482 752 ἓξ
516 689 773 751 σταδίους
805 698 1205 757 συνεμετρεῖτο,
1243 688 1788 759 περιλαμβανομένης

104 775 194 830 καὶ
241 785 336 846 τῆς
365 775 675 839 Ἀντωνίας.
751 778 813 830 τὸ
861 774 911 829 δ’
956 777 1237 847 ὕπαιθρον
1288 779 1433 830 ἅπαν
1470 781 1786 831 πεποίκιλτο

104 867 436 937 παντοδαπῷ
485 868 629 938 λίθῳ
675 863 1137 934 κατεστρωμένον.
1214 866 1397 936 <193>
1446 867 1538 919 διὰ
1588 866 1786 919 τούτου

104 956 416 1023 προϊόντων
463 952 551 1007 ἐπὶ
597 955 659 1007 τὸ
708 955 968 1024 δεύτερον
1016 955 1166 1025 ἱερὸν
1214 955 1527 1025 δρύφακτος
1572 952 1788 1022 περιβέ-

39 1067 81 1098 10
105 1046 273 1112 βλητο
313 1045 551 1111 λίθινος,
588 1047 852 1112 τρίπηχυς
890 1039 991 1111 μὲν
1022 1043 1182 1111 ὕψος,
1220 1043 1369 1096 πάνυ
1403 1040 1464 1095 δὲ
1495 1041 1790 1112 χαριέντως

106 1130 534 1201 διειργασμένος.
611 1131 794 1199 <194>
835 1130 895 1183 ἐν
935 1131 1082 1203 αὐτῷ
1122 1133 1169 1184 δ’
1211 1133 1530 1200 εἱστήκεσαν
1570 1131 1624 1195 ἐξ
1665 1137 1788 1185 ἴσου

106 1220 469 1288 διαστήματος
515 1223 707 1287 στῆλαι
753 1220 851 1272 τὸν
896 1227 991 1288 τῆς
1045 1219 1267 1287 ἁγνείας
1311 1223 1790 1289 προσημαίνουσαι

104 1311 297 1378 νόμον,
338 1311 398 1361 αἲ
432 1305 533 1376 μὲν
566 1306 904 1376 Ἑλληνικοῖς
943 1311 1003 1361 αἳ
1048 1305 1108 1390 δὲ
1138 1306 1455 1377 Ῥωμαϊκοῖς
1491 1309 1788 1379 γράμμασι,

105 1395 293 1466 μηδέν’
347 1395 667 1465 ἀλλόφυλον
713 1395 869 1459 ἐντὸς
913 1405 1012 1450 τοῦ
1049 1391 1221 1464 ῗίγίου
1259 1396 1537 1467 παριέναι·
1585 1400 1646 1451 τὸ
1686 1399 1790 1467 γὰρ

41 1510 83 1542 15
107 1487 369 1556 δεύτερον
403 1486 555 1554 ἱερὸν
587 1486 747 1552 ἅγιον
780 1485 1038 1538 ἐκαλεῖτο.
1089 1486 1272 1555 <195>
1302 1483 1393 1538 καὶ
1425 1490 1792 1557 τετταρσικαί-

108 1576 239 1627 δεκα
279 1571 381 1643 μὲν
419 1576 659 1643 βαθμοῖς
697 1570 767 1642 ἧν
808 1573 1084 1643 ἀναβατὸν
1123 1574 1229 1627 ἀπὸ
1269 1582 1369 1628 τοῦ
1414 1576 1662 1644 πρώτου,
1709 1595 1793 1628 τε-

105 1663 390 1731 τράγωνον
446 1661 493 1715 δ’
550 1663 665 1716 ἄνω
721 1661 810 1715 καὶ
865 1665 1029 1733 τείχει
1083 1662 1600 1733 περιπεφραγμένον
1652 1665 1792 1737 ἰδίῳ.

107 1752 290 1820 <196>
336 1752 536 1804 τούτου
584 1753 646 1804 τὸ
694 1748 795 1820 μὲν
842 1750 1050 1815 ἔξωθεν
1095 1752 1260 1820 ὕψος,
1307 1755 1502 1822 καίπερ
1542 1753 1794 1821 τετταρά-

104 1860 272 1894 κοντα
310 1841 530 1910 πήχεων
569 1840 836 1910 ὑπάρχον,
874 1839 982 1893 ὑπὸ
1021 1849 1132 1893 τῶν
1172 1843 1408 1909 βαθμῶν
1446 1840 1795 1910 ἐκαλύπτετο,

9 1951 83 1985 ‘20
106 1931 167 1982 τὸ
216 1927 264 1981 δ’
313 1930 480 1982 ἔνδον
529 1933 703 1982 εἴκοσι
749 1927 840 1981 καὶ
886 1928 1047 1981 πέντε
1094 1926 1313 1998 πήχεων
1359 1926 1454 1998 ἧν·
1515 1932 1652 1999 πρὸς
1689 1931 1794 2000 γὰρ

105 2017 428 2090 ὑψηλοτέρῳ
469 2016 853 2087 δεδομημένου
893 2027 1007 2080 τοῖς
1044 2021 1286 2086 βαθμοῖς
1325 2015 1501 2071 οὐκέτ’
1547 2015 1619 2087 ἦν
1650 2020 1797 2072 ἅπαν

106 2111 235 2159 εἴσω
274 2105 603 2176 καταφανές,
641 2109 1059 2175 καλυπτόμενον
1097 2106 1206 2160 ὑπὸ
1244 2114 1345 2160 τοῦ
1378 2109 1574 2176 λόφου.
1617 2107 1798 2176 <197>

106 2195 238 2263 μετὰ
280 2191 341 2247 δὲ
379 2197 510 2256 τοὺς
555 2196 1045 2264 τετταρασκαίδεκα
1092 2198 1348 2264 βαθμοὺς
1386 2197 1448 2249 τὸ
1499 2195 1659 2265 μέχρι
1697 2204 1798 2249 τοῦ

105 2285 318 2353 τείχους
381 2283 652 2352 διάστημα
712 2285 932 2353 πήχεων
993 2279 1064 2352 ἧν
1124 2284 1285 2353 δέκα,
1346 2292 1458 2337 πᾶν
1521 2286 1798 2338 ἰσόπεδον.

41 2395 84 2427 25
107 2372 292 2441 <198>
333 2374 501 2425 ἔνθεν
551 2373 710 2426 ἄλλοι
755 2373 923 2426 πάλιν
961 2373 1335 2442 πεντέβαθμοι
1372 2376 1631 2442 κλίμακες
1670 2360 1800 2441 ἀνῆ-

107 2481 209 2530 γον
250 2459 337 2513 ἐπὶ
369 2462 465 2524 τὰς
494 2462 688 2530 πύλας,
728 2464 788 2514 αἳ
823 2461 928 2515 ἀπὸ
961 2458 1063 2530 μὲν
1094 2462 1299 2531 ἄρκτου
1330 2460 1422 2515 καὶ
1460 2464 1800 2531 μεσημβρίας

108 2550 276 2618 ὀκτώ,
323 2545 458 2602 καθ’
504 2547 763 2619 ἑκάτερον
810 2549 1082 2620 τέτταρες,
1130 2552 1233 2604 δύο
1283 2550 1328 2604 δ’
1377 2547 1519 2620 ἦσαν
1569 2549 1622 2614 ἐξ
1672 2550 1802 2603 ἀνα-

106 2642 270 2706 τολῆς
307 2636 425 2691 κατ’
470 2637 740 2706 ἀνάγκην·
782 2638 1283 2709 διατετειχισμένου
1322 2641 1427 2708 γὰρ
1465 2640 1602 2692 κατὰ
1636 2646 1800 2692 τοῦτο

106 2728 169 2785 τὸ
209 2731 374 2795 κλῖμα
414 2736 532 2790 ταῖς
579 2724 834 2795 γυναιξὶν
882 2728 1029 2780 ίδιόυ
1068 2729 1205 2797 πρὸς
1241 2729 1549 2797 θρησκείαν
1599 2728 1802 2797 χώρου,

2 2836 4 2838 ·
39 2836 84 2869 30
109 2816 222 2867 ἔδει
263 2813 528 2886 δευτέραν
566 2811 711 2868 εἶναι
750 2817 953 2884 πύλην·
992 2814 1220 2885 τέτμητο
1262 2813 1311 2868 δ’
1351 2816 1488 2885 αὕτη
1521 2823 1617 2884 τῆς
1654 2817 1800 2886 πρών

106 2922 201 2972 της
239 2902 484 2975 ἀντικρύ.
560 2903 744 2973 <199>
785 2903 886 2957 κάκ
924 2913 1036 2958 τῶν
1075 2906 1261 2958 ἄλλων
1295 2901 1357 2957 δὲ
1386 2904 1667 2973 κλιμάτων
1706 2907 1802 2973 μία
