2032 3128
186 42 255 94 58
619 43 744 84 ΤΟΤ
775 43 1116 85 ΙΟΤΔΑῙΚΟΤ
1145 42 1453 85 ΠΟΛΕΜΟΥ

183 177 212 230 ὁ
245 179 438 244 Σίμων
477 175 903 244 μετελάμβανεν·
943 174 1377 244 ἀντιπρούπινον
1419 173 1469 228 δ’
1513 174 1770 244 ἀλλήλοις
1801 178 1862 230 τὸ

183 257 315 333 αἷμα
352 273 464 316 τῶν
503 265 781 332 δημοτῶν,
822 261 911 316 καὶ
950 264 1015 316 τὰ
1054 265 1312 332 πτώματα
1349 272 1461 317 τῶν
1500 262 1715 317 ἀθλίων
1755 265 1864 317 διε-

182 354 479 420 μερίζοντο.
558 353 739 420 <441>
786 350 877 405 καὶ
923 359 1023 405 τοῦ
1070 349 1171 420 μὲν
1218 360 1436 421 κρατεῖν
1477 351 1664 414 στάσις
1699 347 1770 420 ἦν
1803 351 1863 404 ἐν

182 438 536 510 ἀμφοτέροις,
584 450 694 493 τῶν
741 438 791 493 δ’
837 440 1195 509 ἀσεβημάτων
1241 440 1496 509 ὁμόνοια·
1551 438 1642 493 καὶ
1688 441 1792 510 γὰρ
1833 441 1863 494 ὁ

182 528 254 596 μὴ
295 529 563 596 μεταδοὺς
608 537 718 581 τῶν
763 528 1069 597 ἀλλοτρίων
1115 536 1298 580 κακῶν
1343 526 1561 600 θατέρῳ
1600 530 1863 597 μονοτρό-
1909 549 1930 582 5

181 634 296 678 πως
335 615 512 669 ἐδόκει
551 619 821 686 πονηρός,
859 614 949 669 καὶ
989 616 1018 670 ὁ
1058 617 1131 685 μὴ
1171 617 1493 685 μεταλαβὼν
1532 616 1606 678 ὡς
1644 615 1863 684 ἀγαθοῦ

183 706 332 768 τινὸς
369 706 524 773 ἤλγει
563 705 661 757 τὸν
699 705 1013 773 νοσφισμὸν
1050 711 1146 772 τῆς
1185 704 1476 773 ὠμότητος.

123 806 149 845 5
292 793 472 862 <442>
512 790 641 846 καθ’
679 791 909 861 ἑκαστον
956 792 1058 861 μὲν
1098 788 1202 846 οὗν
1241 790 1511 856 ἐπεξιέναι
1552 794 1654 861 τὴν
1691 810 1864 862 παρα-

179 885 381 951 νομιάν
413 882 594 934 αὐτῶν
627 881 926 950 ἀδύνατον,
957 883 1246 934 συνελόντι
1283 879 1334 934 δ’
1372 883 1564 948 εἰπεῖν,
1605 883 1737 950 μήτε
1768 884 1865 934 πό-

179 975 270 1024 λιν
307 973 483 1039 ἄλλην
521 978 747 1023 τοιαῦτα
786 968 1126 1023 πεπονθέναι
1165 972 1297 1038 μήτε
1338 970 1536 1038 γενεὰν
1578 968 1631 1032 ἐξ
1665 971 1866 1032 αἰῶνος
1891 992 1932 1024 10

178 1059 466 1127 γεγονέναι
498 1060 688 1120 κακίας
719 1057 1118 1127 γονιμωτέραν,
1156 1058 1338 1128 <443>
1370 1059 1429 1111 οἵ
1458 1077 1521 1125 γε
1551 1062 1867 1111 τελευταῖον

179 1145 270 1200 καὶ
309 1148 369 1200 τὸ
410 1147 569 1215 γένος
609 1145 904 1216 ἐφαύλιζον
943 1155 1053 1199 τῶν
1086 1145 1383 1216 Ἑβραίων,
1423 1147 1497 1210 ὡς
1538 1142 1704 1214 ἧττον
1745 1145 1867 1199 ἀσε-

178 1237 294 1302 βεῖς
326 1236 545 1289 δοκοῖεν
577 1237 714 1305 πρὸς
745 1235 1087 1304 ἀλλοτρίους,
1126 1235 1612 1304 ἐξωμολογήσαντο
1647 1232 1695 1287 δ’
1733 1235 1866 1305 ὅπερ

178 1320 321 1392 ’ἦσαν
353 1320 494 1376 εἶναι
529 1326 720 1377 δοῦλοι
753 1321 845 1376 καὶ
878 1324 1185 1391 συνήλυδες
1215 1321 1307 1377 καὶ
1338 1326 1486 1376 νόθα
1524 1331 1624 1377 τοῦ
1664 1325 1869 1386 ἔθνους

178 1412 493 1483 φθάρματα.
547 1411 729 1480 <444>
762 1412 864 1480 τὴν
904 1409 1005 1480 μέν
1045 1431 1106 1480 γε
1145 1414 1310 1465 πόλιν
1350 1410 1658 1482 ἀνέτρεψαν
1690 1411 1866 1480 αὐτοί,
1893 1432 1935 1465 15

170 1499 469 1569 Ῥωμαίους
532 1499 582 1553 δ’
641 1501 874 1563 ἄκοντας
935 1500 1253 1569 ἠνάγκασαν
1315 1499 1686 1571 ἐπιγραφῆναι
1740 1514 1869 1553 σκυ-

177 1596 385 1660 θρωπῷ
426 1589 834 1657 κατορθώματι,
872 1585 961 1642 καὶ
1002 1591 1178 1658 μόνον
1218 1589 1318 1659 οὐχ
1359 1590 1620 1642 εἵλκυσαν
1654 1586 1740 1641 ἐπὶ
1772 1590 1869 1642 τὸν

176 1677 314 1729 ναὸν
362 1677 647 1746 βραδῦνον
693 1679 755 1730 τὸ
802 1684 928 1747 πῦρ.
1004 1676 1187 1747 <445>
1228 1675 1415 1746 ἀμέλει
1465 1680 1763 1746 καιόμενον
1810 1677 1870 1730 ἐκ

175 1770 271 1832 τῆς
317 1765 431 1817 ἄνω
479 1767 691 1828 πόλεως
741 1764 1060 1836 ἀφορῶντες
1111 1763 1228 1819 οὔτ’
1280 1767 1530 1835 ἤλγησαν
1578 1764 1691 1819 οὔτ’
1745 1765 1869 1819 ε’δά-

176 1866 415 1921 κρυσαν,
462 1851 602 1905 ἀλλὰ
640 1861 809 1907 ταῦτα
848 1855 914 1907 τὰ
951 1854 1106 1922 πάθη
1145 1839 1292 1924 παρά
1324 1852 1608 1923 Ῥωμαίοις
1646 1852 1867 1924 εὑρέθη.
1893 1875 1935 1907 20

89 1942 155 1995 11
288 1941 471 2009 <446>
518 1940 610 1994 καὶ
664 1950 836 1996 ταῦτα
889 1939 992 2011 μὲν
1038 1943 1173 1995 κατὰ
1227 1943 1412 2012 χώραν
1461 1942 1697 2011 ὕστερον
1749 1940 1860 2011 μετ’

175 2029 509 2093 ἀποδείξεως
546 2040 658 2083 τῶν
696 2032 1034 2100 πραγμάτων
1074 2031 1330 2101 ἐροῦμεν·
1379 2033 1520 2104 Τίτῳ
1561 2028 1623 2084 δὲ
1661 2032 1728 2084 τὰ
1767 2028 1869 2100 μὲν

173 2119 397 2188 χώματα
427 2120 765 2188 προύκοπτε,
803 2122 982 2173 καίτοι
1020 2120 1198 2173 πολλὰ
1237 2119 1598 2189 κακουμένων
1630 2119 1736 2173 ἀπὸ
1768 2128 1868 2173 τοῦ

172 2210 387 2277 τείχους
424 2215 536 2259 τῶν
576 2216 946 2277 στρατιωτῶν,
984 2207 1202 2277 πέμψας
1241 2206 1292 2261 δ’
1330 2208 1494 2270 αὐτὸς
1524 2217 1727 2278 μοῖραν
1757 2218 1869 2261 τῶν

175 2294 385 2349 ἱππέων
434 2293 684 2348 ἐκέλευσε
730 2298 859 2358 τοὺς
905 2297 1042 2349 κατὰ
1082 2297 1179 2360 τὰς
1216 2297 1504 2367 φάραγγας
1544 2295 1632 2350 ε’πὶ
1671 2311 1868 2366 συγκο-
1893 2317 1935 2349 25

173 2386 306 2454 μιδῇ
346 2391 554 2455 τροφῆς
593 2383 837 2447 ἐξιόντας
868 2384 1196 2455 ἐνεδρεύειν.
1242 2386 1425 2455 <447>
1455 2381 1599 2454 ἦσαν
1631 2384 1698 2438 δέ
1723 2404 1871 2448 τινες

173 2469 275 2540 μὲν
314 2471 405 2525 καὶ
437 2482 550 2525 τῶν
589 2475 862 2542 μαχίμων,
903 2473 1087 2527 οὐκέτι
1121 2475 1515 2544 διαρκούμενοι
1546 2483 1664 2537 ταῖς
1697 2473 1869 2544 ἁρπα-

170 2570 311 2630 γαῖς,
350 2562 411 2615 τὸ
452 2558 515 2614 δὲ
552 2560 723 2615 πλέον
764 2561 823 2614 ἐκ
861 2571 961 2616 τοῦ
1003 2565 1183 2632 δήμου
1214 2561 1462 2633 πένητες,
1502 2563 1601 2626 οὓς
1636 2562 1870 2632 αὐτομο-

171 2653 290 2702 λεῖν
330 2649 596 2719 ἀπέτρεπε
635 2651 698 2703 τὸ
738 2648 864 2718 περὶ
902 2660 1014 2705 τῶν
1054 2653 1274 2705 οἰκείων
1314 2650 1463 2715 δέος·
1517 2652 1702 2720 <448>
1741 2651 1868 2704 οὔτε

170 2739 275 2806 γὰρ
316 2741 587 2807 λήσεσθαι
618 2740 748 2802 τοὺς
780 2741 1108 2804 στασιαστὰς
1143 2742 1373 2809 ἤλπιζον
1412 2741 1546 2810 μετὰ
1585 2748 1869 2808 γυναικῶν
1894 2760 1936 2792 30

170 2824 261 2878 καὶ
314 2828 554 2881 παιδίων
610 2828 1128 2898 διαδιδράσκοντες,
1183 2827 1275 2882 καὶ
1327 2833 1648 2883 καταλιπεῖν
1699 2837 1869 2882 ταῦτα
