2032 3128
680 100 890 142 ΛΟΓΟΣ
920 99 1221 140 ΠΕΜΠΤΟΣ
1711 94 1783 148 65

111 238 242 307 μετὰ
288 235 555 302 τοσαύτης
601 233 887 302 δυνάμεως
934 233 1035 286 οὐκ
1081 232 1259 286 ἐδόκει
1305 231 1549 302 πρέπειν,
1595 230 1686 285 καὶ
1725 234 1786 285 τὸ

112 326 382 395 μάχεσθαι
457 323 712 391 περιττὸν
779 322 915 390 πρὸς
990 320 1244 388 ἀλλήλων
1312 319 1787 390 φθαρησομένοις

112 414 290 480 <496>
327 411 630 480 βάλλεσθαι
663 406 724 462 δὲ
763 410 983 479 χώματα
1016 409 1287 476 δύσεργον
1320 408 1623 478 ἀπέφαινεν
1654 409 1791 477 ὕλης

114 501 338 571 ἀπορία,
384 496 474 551 καὶ
519 499 580 551 τὸ
627 497 1072 566 παραφυλάττειν
1117 498 1211 559 τὰς
1258 496 1482 560 ἐξόδους
1529 498 1792 567 δυσεργό-

72 613 92 645 5
115 608 287 658 τερον.
350 587 748 640 κυκλώσασθαί
780 605 837 638 τε
877 586 980 654 γὰρ
1019 593 1083 654 τῇ
1117 593 1340 656 στρατιᾷ
1373 586 1474 653 τὴν
1505 587 1667 638 πόλιν
1701 585 1794 638 διὰ

115 678 176 730 τὸ
232 674 468 744 μέγεθος
520 673 608 727 καὶ
665 676 980 745 δυσχωρίαν
1035 672 1136 726 οὐκ
1189 672 1422 743 εὐμαρὲς
1476 670 1645 742 εἶναι,
1706 671 1797 726 καὶ

118 765 397 834 σφαλερὸν
445 764 622 826 ἄλλως
674 764 811 832 πρὸς
860 762 955 824 τὰς
1000 760 1294 824 ἐπιθέσεις·
1350 762 1531 830 <497>
1578 771 1689 814 τῶν
1738 758 1800 814 δὲ

118 860 377 922 φανερῶν
409 849 839 920 φυλαττομένων
871 850 1100 920 ἀφανεῖς
1132 849 1478 903 ἐπινοεῖσθαι
1510 847 1802 912 Ἰουδαίοις

121 941 289 1003 ὁδοὺς
341 940 476 993 κατά
524 937 573 992 τ’
613 938 859 1008 ἀνάγκην
905 936 995 991 καὶ
1052 934 1129 991 δι’
1168 938 1468 1008 ἐμπειριάν.
1546 939 1598 991 εἰ
1643 936 1708 990 δέ
1749 957 1803 990 τι

55 1053 100 1086 10
123 1030 308 1100 λάθρα
352 1031 842 1098 παρεισκομίζοιτο,
888 1029 1084 1097 τριβὴν
1123 1030 1349 1081 ἔσεσθαι
1394 1029 1564 1081 πλείω
1604 1034 1668 1096 τῇ
1707 1044 1806 1079 πο-

122 1121 364 1189 λιορκία,
412 1117 593 1187 <498>
634 1115 876 1170 δεδιέναι
914 1135 971 1169 τε
1010 1117 1083 1185 μὴ
1123 1116 1223 1184 τὴν
1264 1115 1431 1179 δόξαν
1469 1123 1569 1169 τοῦ
1614 1135 1807 1184 κατορ-

121 1207 379 1274 θώματος
417 1205 564 1277 αὐτῷ
598 1207 658 1259 τὸ
696 1213 867 1274 μῆκος
907 1204 1182 1276 ἐλαττώσῃ
1221 1212 1321 1257 τοῦ
1360 1206 1591 1275 χρόνου·
1632 1204 1809 1275 τούτῳ

124 1291 224 1363 μὲν
270 1295 375 1365 γὰρ
423 1291 567 1348 εἶναι
621 1302 732 1347 πᾶν
779 1293 1076 1362 ἀνύσιμον,
1131 1295 1268 1363 πρὸς
1315 1290 1376 1346 δὲ
1422 1301 1516 1362 τῆς
1567 1292 1814 1353 εὐκλείας

123 1385 184 1436 τὸ
232 1383 408 1453 τάχος.
484 1383 665 1452 <499>
707 1383 825 1435 δεῖν
865 1401 926 1450 γε
974 1383 1102 1451 μήν,
1148 1383 1200 1433 εἰ
1243 1379 1333 1434 καὶ
1380 1389 1454 1453 τῷ
1495 1381 1645 1451 τάχει
1694 1381 1802 1449 μετ’

60 1495 103 1528 15
128 1471 425 1541 ἀσφαλείας
463 1472 722 1540 βούλοιτο
762 1472 1098 1541 χρήσασθαι,
1136 1472 1514 1540 περιτειχίζειν
1546 1469 1682 1537 ὅλην
1714 1469 1816 1536 τὴν

126 1562 318 1613 πόλιν·
381 1561 563 1628 μόνως
616 1560 720 1629 γὰρ
778 1558 847 1612 ἂν
877 1559 1075 1621 οὕτως
1127 1558 1303 1620 πάσας
1357 1557 1672 1627 ἀποφράξαι
1725 1557 1821 1619 τὰς

130 1647 371 1717 ἐξόδους,
409 1646 500 1701 καὶ
534 1643 839 1710 Ἰουδαίους
874 1646 907 1715 ἢ
942 1649 1078 1716 πρὸς
1111 1644 1304 1700 ἅπαντ’
1337 1646 1680 1714 ἀπογνόντας
1719 1646 1821 1714 τὴν

130 1739 407 1807 σωτηρίαν
437 1738 792 1807 παραδώσειν
815 1737 917 1805 τὴν
949 1738 1132 1804 πόλιν,
1165 1735 1199 1804 ἢ
1232 1738 1600 1805 λιμώττοντας
1630 1754 1822 1805 χειρω-

130 1828 412 1894 θήσεσθαι
460 1825 680 1896 ραδίως.
758 1823 940 1893 <500>
987 1821 1118 1878 οὐδὲ
1165 1824 1270 1895 γὰρ
1317 1824 1613 1893 ἠρεμήσειν
1661 1822 1827 1885 αὐτὸς

9 1950 16 1953 <
65 1939 109 1971 20
133 1915 337 1982 ἄλλως,
384 1914 522 1967 ἀλλὰ
570 1912 662 1967 καὶ
707 1923 819 1967 τῶν
857 1912 1123 1984 χωμάτων
1165 1912 1595 1981 ἐπιμελήσεσθαι
1639 1911 1828 1979 πάλιν,

133 2004 413 2073 χρώμενος
457 2012 573 2066 τοῖς
624 2003 939 2056 κωλύουσιν
987 2000 1364 2071 ἀτονωτέροις.
1444 1999 1624 2069 <501>
1671 2001 1722 2052 εἰ
1767 1997 1834 2051 δέ

133 2111 209 2164 τῳ
244 2090 382 2160 μέγα
414 2093 571 2145 δοκεῖ
601 2090 693 2144 καὶ
726 2093 1040 2160 δυσήνυτον
1074 2086 1333 2160 τοῦργον,
1372 2097 1571 2160 χρῆναι
1605 2097 1831 2142 σκοπεῖν

136 2180 210 2242 ὡς
250 2180 379 2234 οὔτε
411 2178 696 2250 Ῥωμαίοις
725 2200 778 2233 τι
810 2181 1009 2249 μικρὸν
1043 2179 1290 2249 ἐνεργεῖν
1322 2177 1535 2248 πρέπει,
1574 2175 1666 2230 καὶ
1707 2178 1835 2246 δίχα

136 2270 314 2321 πόνου
353 2274 678 2339 κατορθοῦν
710 2289 763 2322 τι
794 2276 905 2321 τῶν
937 2267 1194 2337 μεγάλων
1235 2265 1426 2320 οὐδενὶ
1465 2264 1665 2338 ῥᾴδιον
1704 2264 1828 2318 ἀλλ’

73 2356 172 2425 25ἣ
211 2363 328 2429 θεῷ
369 2359 539 2430 μόνῳ.

251 2446 435 2514 <502>
475 2447 692 2509 τούτοις
723 2448 914 2509 πείσας
945 2447 1075 2508 τοὺς
1107 2445 1383 2514 ἡγεμόνας
1416 2441 1699 2512 διανέμειν
1733 2440 1839 2495 ἐκέ·
1872 2456 1900 2495 2

142 2538 303 2587 λευσε
342 2535 439 2598 τὰς
474 2535 738 2605 δυνάμεις
771 2532 858 2588 ἐπὶ
891 2529 1147 2604 τοῦργον.
1211 2534 1352 2604 ὁρμὴ
1387 2531 1452 2585 δέ
1479 2552 1560 2594 τις
1592 2530 1842 2601 ἐμπίπτει

144 2623 432 2690 δαιμόνιος
469 2632 587 2686 τοῖς
627 2623 1007 2694 στρατιώταις,
1056 2620 1146 2675 καὶ
1186 2619 1570 2691 μερισαμένων
1610 2621 1708 2673 τὸν
1747 2637 1842 2672 πε-

145 2714 374 2784 ρίβολον
414 2711 481 2765 οὐ
521 2714 699 2780 μόνον
738 2721 850 2765 τῶν
881 2712 1174 2781 ταγμάτων
1206 2707 1277 2779 ἧν
1310 2712 1448 2780 ἔρις,
1492 2709 1674 2778 <503>
1706 2707 1847 2761 ἀλλὰ

79 2823 122 2857 30
145 2797 238 2852 καὶ
284 2808 397 2853 τῶν
449 2800 510 2854 ἐν
558 2801 747 2864 αὐτοῖς
792 2799 1000 2864 τάξεων
1047 2802 1185 2870 πρὸς
1231 2798 1490 2868 ἀλλήλας·
1553 2795 1644 2851 καὶ
1685 2812 1849 2868 στρα-

0 2898 3 2899 ’
51 2900 60 2949 J
146 2889 342 2957 τιώτης
381 2886 483 2957 μὲν
525 2890 902 2961 δεκαδάρχην,
943 2889 1282 2960 δεκαδάρχης
1322 2885 1383 2940 δὲ
1424 2885 1851 2957 ἑκατοντάρχην,

239 2984 450 3017 ΙοεΕΡΗσε.
489 2984 555 3019 VI.
1497 2977 1522 3016 5
