2032 3128
648 117 858 159 ΛΟΓΟΣ
889 116 1204 158 ΔΕΥΤΕΡΟΣ
1655 113 1764 165 285

92 249 175 300 ὅτι
221 247 311 300 καὶ
358 250 485 310 τοὺς
525 249 670 317 ῥῆμα
717 251 889 317 μόνον
927 249 1073 317 παρὰ
1118 251 1248 310 τοὺς
1295 248 1520 302 ἐκείνων
1559 251 1766 316 νόμους

92 337 508 405 φθεγξαμένους
537 335 661 404 περὶ
684 342 835 390 θεῶν
860 337 1234 405 ἀπαραιτήτως
1258 337 1539 390 ἐκόλασαν.
1583 335 1766 404 (263)

91 428 240 487 τίνος
287 425 390 492 γὰρ
431 423 619 493 ἑτέρου
666 426 828 494 χάριν
867 425 1166 493 Σωκράτης
1205 424 1508 489 ἀπέθανεν;
1556 424 1623 477 οὐ
1662 425 1767 492 γὰρ

93 513 159 580 δὴ
214 514 513 582 προεδίδου
567 514 667 581 τὴν
720 515 884 567 πόλιν
936 523 1051 576 τοῖς
1104 516 1410 581 πολεμίοις,
1472 510 1605 566 οὐδὲ
1657 519 1768 565 τῶν

47 624 69 657 5
94 602 257 671 ι”ερῶν
290 601 556 670 ἐσύλησεν
588 602 771 670 οὐδέν,
811 599 930 655 ἀλλ’
962 602 1045 654 ὅτι
1084 604 1309 664 καινοὺς
1348 602 1547 668 ὅρκους
1587 603 1770 669 ὤμνυε

92 692 188 741 καί
220 710 281 742 τι·
312 692 602 758 δαιμόνιον
643 691 787 762 αὐτῷ
831 694 1118 758 σημαίνειν
1159 692 1414 758 ἔφασκεν,
1457 689 1490 758 ἢ
1530 690 1771 742 σπουδά-

95 783 199 840 ζων
239 777 272 846 ἢ
312 780 631 845 διαπαίζων,
679 779 752 841 ὡς
798 781 937 832 ἔνιοι
984 777 1232 846 λέγουσι,
1282 779 1374 830 διὰ
1413 785 1581 831 ταῦτα
1619 797 1772 830 κατε-

95 868 322 935 γνώσθη
361 868 595 920 κώνειον
624 869 767 919 πιὼν
799 866 1131 920 ἀποθανεῖν’
1172 867 1355 935 <264>
1393 865 1483 919 καὶ
1517 867 1776 934 διαφθείέ

95 973 213 1022 ρειν
262 952 322 1007 δὲ
369 957 498 1018 τοὺς
551 954 713 1018 νέους
759 956 788 1010 ὁ
835 959 1138 1024 κατήγορος
1193 956 1361 1008 αὐτὸν
1407 952 1626 1025 ᾐτιᾶτο,
1679 960 1775 1021 τῆς

29 1066 70 1098 ιο
93 1046 325 1110 πατρίου
363 1047 640 1106 πολιτείας
678 1042 767 1096 καὶ
807 1052 916 1097 τῶν
955 1046 1142 1112 νόμων
1178 1044 1261 1096 ὅτι
1300 1051 1542 1111 προῆγεν
1574 1041 1776 1104 αὐτοὺς

94 1141 478 1201 καταφρονεῖν.
557 1133 855 1201 Σωκράτης
901 1129 1002 1201 μὲν
1049 1128 1151 1185 οὗν
1196 1135 1419 1201 πολίτης
1462 1130 1776 1199 Ἀθηναίων

95 1222 354 1288 τοιαύτην
409 1220 666 1289 ὑπέμεινε
721 1224 1015 1290 τιμωριάν,
1069 1222 1250 1289 <265>
1299 1219 1660 1288 Ἀναξαγόρας
1716 1216 1777 1271 δὲ

97 1308 467 1377 Κλαζομένιος
513 1305 608 1377 ἦν·
657 1307 773 1362 ἀλλ’
815 1309 898 1362 ὅτι
944 1312 1282 1378 νομιζόντων
1324 1307 1637 1377 Ἀθηναίων
1680 1309 1777 1360 τὸν

95 1398 256 1464 ἥλιον
300 1394 441 1450 εἶναι
485 1400 644 1466 θεόν,
692 1397 720 1450 ὃ
762 1395 812 1451 δ’
843 1397 1012 1452 αὐτὸν
1059 1400 1161 1467 ἔφη
1208 1398 1423 1466 μύδρον
1470 1393 1613 1449 εἶναι
1662 1397 1779 1449 διά-

32 1507 74 1539 15
96 1505 294 1554 πυρον,
340 1486 589 1539 θάνατον
630 1486 801 1540 αὐτοῦ
845 1484 972 1555 παρ’
1012 1488 1199 1554 ὀλίγας
1243 1489 1466 1555 ψήφους
1512 1484 1779 1552 κατέγνω-

97 1589 216 1626 σαν.
292 1575 470 1642 <266>
521 1565 612 1627 καὶ
659 1578 915 1646 Διαγόρα
967 1583 1041 1646 τῷ
1088 1578 1290 1647 Μηλίῳ
1345 1575 1614 1627 τάλαντον
1662 1573 1781 1626 ἐπε-

95 1662 366 1732 κήρυξαν,
420 1668 477 1716 εἴ
522 1683 604 1725 τις
658 1664 829 1717 αὐτὸν
877 1662 1089 1730 ἀνέλοι,
1145 1662 1259 1716 ἐπεὶ
1312 1664 1377 1716 τὰ
1431 1661 1561 1731 παρ’
1597 1662 1784 1725 αὐτοῖς

96 1754 369 1820 μυστήρια
415 1753 697 1820 χλευάζειν
745 1751 976 1820 ἐλέγετο.
1051 1750 1142 1804 καὶ
1190 1754 1565 1821 Πρωταγόρας
1610 1752 1661 1803 εί
1709 1751 1782 1819 μὴ

97 1845 306 1893 θᾶττον
353 1843 550 1909 ἔφυγε,
603 1839 947 1910 συλληφθεὶς
999 1840 1069 1893 ἂν
1117 1840 1424 1908 ἐτεθνήκει,
1479 1840 1687 1907 γράψαι
1733 1859 1785 1892 τι

12 1936 75 1980 '20
101 1927 262 1991 δόξας
301 1929 401 1998 οὐχ
443 1929 893 1997 ὁμολογούμενον
931 1939 1047 1992 τοῖς
1084 1925 1401 1998 Ἀθηναίοις
1446 1927 1572 1997 περὶ
1616 1934 1784 1981 θεῶν.

99 2017 281 2084 <267>
337 2020 394 2069 τί
443 2014 505 2070 δὲ
560 2019 649 2071 δεῖ
697 2018 1004 2087 θαυμάζειν
1056 2020 1110 2071 εἰ
1164 2021 1300 2086 πρὸς
1353 2018 1559 2086 ἄνδρας
1613 2017 1787 2079 οὕτως

100 2104 448 2168 ἀξιοπίστους
494 2105 841 2174 διετέθησαν,
895 2108 953 2159 οἵ
1003 2126 1063 2174 γε
1120 2104 1258 2175 μηδὲ
1313 2115 1595 2175 γυναικῶν
1641 2105 1787 2176 ἐφεί-

100 2208 294 2258 σαντο;
350 2197 535 2247 Νίνον
582 2196 686 2265 γὰρ
741 2195 843 2264 τὴν
891 2194 1096 2265 ἱέρειαν
1143 2195 1485 2263 ἀπέκτειναν,
1540 2193 1662 2247 ἐπεί
1706 2214 1788 2256 τις

101 2281 268 2350 αὐτῆς
313 2286 688 2351 κατηγόρησεν
727 2283 812 2336 ὅτι
859 2282 1050 2348 ξένους
1096 2283 1248 2352 ἐμύει
1294 2284 1489 2346 θεούς·
1539 2286 1692 2354 νόμῳ
1732 2279 1783 2334 δ’

35 2394 76 2425 25
102 2367 172 2439 ἧν
210 2379 373 2424 τοῦτο
414 2369 539 2439 παρ’
573 2372 763 2434 αὐτοῖς
799 2371 1203 2440 κεκωλυμένον,
1251 2370 1341 2425 καὶ
1381 2377 1613 2440 τιμωρία
1653 2372 1788 2423 κατὰ

104 2468 213 2511 τῶν
255 2458 414 2523 ξένον
453 2461 791 2527 εἰσαγόντων
837 2462 977 2514 θεὸν
1025 2461 1225 2530 ὥριστο
1272 2461 1531 2523 θάνατος.
1609 2460 1791 2527 <268>

105 2549 162 2601 οἱ
205 2545 266 2600 δὲ
319 2549 553 2621 τοιούτῳ
606 2551 760 2621 νόμῳ
815 2550 1088 2619 χρώμενοι
1145 2550 1316 2618 δῆλον
1364 2550 1448 2602 ὅτι
1502 2551 1631 2612 τοὺς
1681 2558 1791 2601 τῶν

105 2638 288 2690 ἄλλων
335 2637 438 2690 οὐκ
485 2636 737 2707 ἐνόμιζον
784 2634 926 2690 εἶναι
973 2639 1168 2701 θεούς·
1223 2638 1291 2692 οὐ
1338 2639 1442 2707 γὰρ
1490 2637 1559 2690 ἂν
1607 2637 1794 2699 αὑτοῖς

105 2727 379 2778 πλειόνων
433 2724 736 2779 ἀπολαύειν
791 2725 1093 2795 ἐφθόνουν.
1179 2727 1360 2795 <269>
1413 2727 1480 2779 τὰ
1534 2723 1635 2795 μὲν
1691 2721 1794 2779 οὖν

37 2834 82 2865 30
101 2811 415 2882 Ἀθηναίων
455 2813 616 2884 ἐχέτω
657 2819 859 2882 καλῶς,
905 2816 1131 2868 Σκύθαι
1171 2813 1231 2868 δὲ
1272 2818 1469 2883 φόνοις
1511 2817 1795 2885 χαίροντες

106 2901 424 2972 ἀνθρώπων
469 2901 560 2956 καὶ
606 2906 782 2973 βραχὺ
830 2913 942 2956 τῶν
987 2906 1208 2973 θηρίων
1246 2902 1604 2973 διαφέροντες
1649 2903 1795 2972 ὅμως
