2032 3128
722 67 934 110 ΛΟΓΟΣ
964 67 1268 110 ΠΕΜΠΤοΣ
1762 67 1829 118 19

155 200 323 253 στοὰν
362 199 699 269 ἀπηρτίζετο·
756 200 937 269 <145>
975 201 1110 253 κατὰ
1149 201 1357 269 θάτερα
1397 198 1458 254 δὲ
1496 203 1632 270 πρὸς
1671 202 1836 254 δύσιν

152 288 258 341 ἀπὸ
297 288 500 341 ταύτοῦ
532 285 633 356 μὲν
665 287 974 358 ἀρχόμενον
1004 289 1239 357 πύργου,
1279 290 1370 341 διά
1404 286 1464 342 δὲ
1495 298 1595 342 τοῦ
1624 290 1834 358 Βηθσὼ

149 375 494 444 καλουμένου
544 380 752 446 χωρίου
791 386 1114 430 κατατεῖνον
1153 375 1240 430 ἐπὶ
1278 379 1378 446 τὴν
1412 376 1694 446 Ἐσσηνῶν
1732 378 1834 430 πύ-

149 469 279 532 λην,
324 465 550 517 κᾶπειτα
595 467 732 532 πρὸς
777 468 946 518 νότον
993 461 1131 533 ὑπὲρ
1179 466 1279 534 τὴν
1322 467 1550 534 Σιλωὰμ
1590 463 1833 534 ἐπιστρέ-

104 576 124 608 5
148 573 258 622 φον
295 554 504 620 πηγήν,
556 554 723 605 ἔνθεν
769 572 827 605 τε
873 553 1042 606 πάλιν
1090 552 1344 607 ἐκκλῖνον
1382 556 1520 622 πρὸς
1559 554 1834 622 ἀνατολὴν

147 639 236 693 ἐπὶ
285 641 385 709 τὴν
432 644 768 708 Σολομῶνος
813 642 1246 710 κολυμβήθραν,
1295 640 1386 694 καὶ
1435 643 1628 710 διῆκον
1676 627 1834 712 μέχρι

144 731 326 799 χώρου
373 731 523 792 τινὸς
568 728 635 782 ὃν
679 733 946 782 καλοῦσιν
982 727 1212 798 Ὀφλάν,
1263 738 1326 799 τῆ
1373 731 1511 798 πρὸς
1557 728 1833 798 ἀνατολὴν

144 825 279 889 στοᾷ
324 826 424 871 τοῦ
465 818 618 886 ἱεροῦ
662 826 919 885 συνῆπτε.
996 818 1179 886 <146>
1224 820 1285 871 τὸ
1327 815 1389 870 δὲ
1430 818 1692 887 δεύτερον
1730 819 1832 885 τὴν

141 903 242 974 μὲν
282 906 456 976 ἀρχὴν
496 905 602 959 ἀπὸ
649 907 825 975 πύλης
864 902 1011 976 εἶχεν
1050 906 1121 974 ἣν
1161 908 1387 959 Γεννὰθ
1428 905 1682 974 ἐκάλουν,
1731 914 1831 959 τοῦ

77 1019 118 1049 10
140 996 362 1062 πρώτου
393 997 608 1063 τείχους
639 990 830 1063 οὖσαν,
862 997 1243 1064 κυκλούμενον
1277 992 1339 1048 δὲ
1370 998 1431 1049 τὸ
1459 995 1831 1062 προσάρκτιον

139 1087 304 1151 κλῑμα
354 1084 530 1151 μόνον
580 1082 737 1153 ἀνῄει
789 1082 947 1153 μέχρι
999 1091 1094 1152 τῆς
1138 1080 1446 1146 Ἀντωνίας.
1524 1083 1708 1151 <147>
1753 1089 1829 1154 τῷ

138 1174 301 1243 τρίτῳ
343 1168 392 1223 δ’
438 1167 509 1240 ἧν
549 1170 687 1242 ἀρχὴ
729 1172 758 1226 ὁ
792 1170 1037 1235 Ἱππικὸς
1074 1173 1310 1241 πύργος,
1356 1172 1494 1225 ὅθεν
1534 1171 1692 1242 μέχρι
1731 1179 1830 1225 τοῦ

136 1262 362 1330 βορείου
409 1263 669 1329 κλίματος
716 1271 1043 1314 κατατεῖνον
1093 1259 1180 1314 ἐπὶ
1231 1263 1329 1314 τὸν
1385 1262 1647 1330 Ψήφινον
1693 1261 1830 1330 πύρ-

137 1369 266 1417 γον,
317 1350 501 1401 ἔπειτα
546 1354 798 1418 καθῆκον
845 1349 1078 1419 ἀντικρὺ
1123 1358 1234 1402 τῶν
1273 1347 1499 1418 Ἑλένης
1547 1352 1830 1418 μνημείων

69 1459 112 1491 15
137 1435 461 1508 (Ἀδιαβηνὴ
501 1437 718 1506 βασιλὶς
748 1434 818 1506 ἧν
858 1438 1025 1506 αὕτη,
1058 1435 1260 1502 Ἰζάτου
1300 1437 1570 1507 βασιλέως
1608 1437 1831 1508 μήτηρ),

136 1524 228 1578 καὶ
276 1527 368 1578 διὰ
415 1529 699 1594 σπηλαίων
746 1529 1048 1595 βασιλικῶν
1095 1529 1483 1595 μηκυνόμενον
1532 1526 1828 1595 ἐκάμπτετο

136 1611 237 1683 μὲν
285 1617 528 1686 γωνιαίῳ
574 1615 767 1687 πύργῳ
815 1616 951 1667 κατὰ
998 1617 1059 1668 τὸ
1099 1614 1367 1684 Γναφέως
1420 1616 1830 1685 προσαγορευό-

135 1722 306 1772 μενον
353 1710 566 1771 μνῆμα,
611 1711 686 1775 τῷ
736 1699 786 1756 δ’
840 1703 1047 1776 ἀρχαίῳ
1093 1706 1369 1776 περιβόλῳ
1423 1704 1704 1756 συνάπτον
1750 1704 1830 1766 εἰς

134 1793 236 1860 τὴν
276 1793 546 1862 Κεδρῶνα
583 1790 934 1861 καλουμένην
982 1792 1241 1862 φάραγγα
1280 1793 1592 1860 κατέληγεν.
1645 1791 1828 1860 <148>

10 1936 14 1938 ,
68 1902 111 1934 20
134 1889 296 1934 τοῦτο
344 1888 409 1950 τῇ
462 1884 895 1952 προσκτισθείσῃ
934 1884 1091 1935 πόλει
1137 1881 1469 1955 περιέθηκεν
1510 1878 1826 1950 Ἀγρίππας,

131 1969 270 2038 ῆπερ
309 1965 380 2038 ἦν
418 1978 566 2022 πᾶσα
604 1972 800 2039 γυμνή.
879 1972 1082 2038 πλήθει
1121 1971 1226 2038 γὰρ
1273 1967 1650 2038 ὑπερχεομένη
1691 1969 1827 2021 κατὰ

132 2060 331 2128 μικρὸν
378 2057 586 2128 ἐξεῖρπε
632 2067 743 2111 τῶν
788 2061 1126 2128 περιβόλων,
1172 2059 1354 2127 <149>
1395 2055 1487 2110 καὶ
1532 2064 1633 2110 τοῦ
1675 2057 1827 2127 ἱεροῦ

131 2147 197 2199 τὰ
243 2147 582 2216 προσάρκτια
628 2150 765 2217 πρὸς
813 2154 889 2219 τῷ
932 2150 1085 2218 λόφῳ
1128 2148 1555 2216 συμπολίζοντες
1595 2143 1680 2198 ἐπ’
1725 2145 1827 2198 οὐκ

132 2235 326 2304 ὀλίγον
371 2240 664 2305 προῆλθον
711 2237 784 2299 ὡς
830 2235 920 2288 καὶ
968 2235 1228 2305 τέταρτον
1266 2239 1694 2306 περιοικηθῆναι
1733 2236 1826 2286 λό-

65 2345 107 2377 25
130 2344 264 2394 φον,
317 2325 378 2387 ὃς
422 2329 665 2378 καλεῖται
710 2325 951 2394 Βεζεθά,
1001 2328 1252 2394 κείμενος
1298 2321 1400 2394 μὲν
1450 2324 1680 2393 ἀντικρὺ
1731 2330 1826 2391 τῆς

121 2411 442 2481 Ἀντωνίας,
489 2412 932 2482 ἀποτεμνόμενος
979 2411 1029 2466 δ’
1077 2413 1349 2483 ὀρύγματι
1399 2415 1588 2482 βαθεῖ·
1644 2411 1825 2479 <150>

130 2502 505 2571 διεταφρεύθη
557 2503 663 2571 γὰρ
716 2501 992 2571 ἐπίτηδες,
1046 2502 1120 2565 ὡς
1170 2503 1243 2571 μὴ
1289 2509 1364 2574 τῷ
1414 2503 1568 2573 λόφῳ
1617 2500 1823 2554 συνάπ-

127 2610 314 2652 τοντες
362 2591 421 2643 οἱ
461 2589 714 2660 θεμέλιοι
764 2598 859 2659 τῆς
904 2590 1200 2653 Ἀντωνίας
1245 2591 1570 2660 εὐπρόσιτοί
1610 2586 1656 2641 τ’
1711 2584 1823 2640 εἷεν

127 2677 218 2731 καὶ
272 2675 437 2747 ἧττον
483 2680 704 2749 ὑψηλοί.
782 2680 966 2749 <151>
1015 2680 1102 2732 διὸ
1144 2680 1213 2748 δὴ
1253 2677 1344 2732 καὶ
1382 2683 1643 2731 πλεῖστον
1682 2677 1824 2741 ὕψος

60 2788 104 2820 30
126 2767 242 2830 τοῖς
279 2769 512 2838 πύργοις
548 2769 886 2838 προσεδίδου
925 2770 987 2822 τὸ
1038 2769 1218 2837 βάθος
1257 2775 1352 2836 τῆς
1397 2767 1628 2837 τάφρου.
1707 2764 1822 2818 ἐπι-

125 2859 339 2926 χωρίως
393 2854 444 2910 δ’
508 2856 715 2927 ἐκλήθη
777 2858 990 2922 Βεζεθὰ
1050 2859 1112 2910 τὸ
1167 2859 1486 2910 νεόκτιστον
1541 2853 1737 2926 μέρος,
1791 2853 1820 2906 ὃ

1465 2942 1522 2984 2*
