2032 3128
207 70 277 121 74
547 70 672 112 ΤΟΤ
702 70 864 113 ΙΟΤΔ.
896 70 1045 113 ΠΟΛ.
1077 70 1218 113 ΛΟΓ.
1249 71 1549 113 ΠΕΜΠΤΟΣ

197 205 526 272 Σοδομηνῆς
564 205 888 271 μεταλαβεῖν
918 210 1214 272 κεραυνοῦ·
1256 205 1396 256 πολὺ
1428 203 1532 273 γὰρ
1565 211 1675 256 τῶν
1706 210 1874 257 ταῦτα

196 294 494 344 παθόντων
532 292 727 359 ἤνεγκε
766 291 962 359 γενεὰν
1002 289 1332 360 ἀθεωτέραν.
1382 298 1445 361 τῇ
1486 298 1624 359 γοῦν
1663 292 1874 345 τούτων

195 379 431 451 ἀπονοία
468 387 573 441 πᾶς
611 379 640 432 ὁ
681 381 811 441 λαὸς
850 379 1218 432 συναπώλετο.
1307 364 1310 368 ’

270 469 451 535 <567>
491 465 583 520 καὶ
621 470 680 520 τί
714 468 801 520 δεῖ
836 468 971 520 κατὰ
1011 466 1175 536 μέρος
1206 467 1584 536 ἐκδιηγεῖσθαι
1615 468 1708 530 τὰς
1740 481 1875 536 συμ-

193 556 392 627 φοράς;
434 554 573 609 ἀλλὰ
602 557 737 625 πρὸς
775 559 938 609 Τίτον
972 555 1031 608 ἐν
1062 556 1283 618 ταύταις
1313 565 1430 618 ταῖς
1459 555 1684 626 ἡμέραις
1711 558 1874 607 Μαν-
1921 577 1941 610 5

192 654 346 707 ναῖος
378 644 407 698 ὁ
441 644 696 714 Λαζάρου
737 645 935 713 φυγὼν
976 645 1068 697 διὰ
1107 652 1231 713 μιᾶς
1264 645 1449 711 ἔλεγεν
1482 643 1872 712 ἐκκεκομίσθαι

190 734 384 802 πύλης,
422 733 492 801 ἣν
525 732 690 795 αὐτὸς
721 731 1093 801 ἐπεπίστευτο,
1132 732 1403 802 μυριάδας
1434 732 1629 785 ἕνδεκα
1660 741 1873 802 νεκρῶν

192 819 279 874 ἐπὶ
333 823 790 891 πεντακισχιλίοις
844 820 1184 883 ὀκτακοσίοις
1239 820 1610 890 ὀγδοήκοντα,
1665 815 1759 890 ἀφ’
1811 816 1876 888 ἧς

190 909 376 972 αὐτοῖς
398 907 603 978 ἡμέρας
625 910 1269 979 παρεστρατοπεδεύσατο
1297 909 1876 978 τετταρεσκαιδεκάτης

189 998 474 1058 Ξανθικοῦ
536 998 708 1065 μηνὸς
765 998 891 1067 ἄχρι
945 996 1211 1065 Πανέμου
1271 1000 1590 1066 νουμηνίας.
1678 998 1872 1065 <568>
1898 1017 1940 1050 ιο

186 1094 348 1139 τοῦτο
390 1083 438 1138 δ’
477 1081 547 1154 ἦν
585 1089 800 1153 πλῆθος
839 1084 1089 1153 ἀπόρων·
1130 1083 1221 1138 καὶ
1260 1083 1380 1139 οὐδ’
1422 1084 1585 1148 αὐτὸς
1616 1084 1874 1155 ἐφεστώς,

187 1173 325 1226 ἀλλὰ
366 1175 603 1245 δημοσίᾳ
642 1175 850 1242 μισθὸν
883 1174 1075 1236 διδοὺς
1107 1173 1159 1237 ἐξ
1193 1173 1433 1241 ἀνάγκης
1464 1173 1704 1243 ἠρίθμει.
1744 1176 1874 1236 τοὺς

186 1258 247 1314 δὲ
294 1264 520 1324 λοιποὺς
566 1262 624 1315 οἱ
663 1262 1034 1331 προσήκοντες
1079 1264 1349 1315 ἔθαπτον·
1412 1263 1556 1331 ταφὴ
1606 1259 1655 1314 δ’
1693 1258 1764 1331 ἧν
1810 1263 1872 1315 τὸ

183 1353 622 1418 προκομίσαντας
669 1348 727 1402 ἐκ
773 1357 873 1403 τοῦ
920 1350 1111 1412 ἄστεος
1157 1350 1330 1420 ῥῖψαι.
1408 1351 1590 1419 (569)
1638 1351 1771 1420 μετὰ
1811 1348 1873 1404 δὲ

182 1445 380 1491 τοῦτον
432 1438 755 1508 διαδράντες
804 1436 1001 1491 πολλοὶ
1052 1447 1163 1491 τῶν
1220 1438 1501 1508 ἐπισήμων
1551 1440 1646 1502 τὰς
1694 1443 1871 1502 πάσας
1895 1458 1939 1491 15

181 1535 291 1578 τῶν
343 1525 567 1595 ἀπόρων
617 1536 830 1595 νεκρῶν
881 1526 1228 1595 ἀπήγγελλον
1283 1528 1556 1597 μυριάδας
1609 1526 1872 1596 ἑξήκοντα

183 1615 275 1666 διὰ
315 1625 425 1668 τῶν
463 1619 656 1668 πυλῶν
695 1614 1007 1684 ἐκριφῆναι,
1050 1625 1161 1669 τῶν
1201 1613 1249 1668 δ’
1290 1617 1475 1669 ἄλλων
1515 1614 1870 1684 ἀνεξεύρετον

180 1699 323 1755 εἶναι
361 1705 460 1756 τὸν
500 1703 759 1773 ἀριθμόν.
803 1704 985 1772 <570>
1016 1703 1205 1773 μηκέτι
1238 1703 1291 1757 δ’
1327 1704 1708 1758 εὐτονούντων
1739 1706 1871 1767 τοὺς

178 1793 429 1861 πτωχοὺς
490 1790 770 1862 ἐκφέρειν,
832 1794 1024 1860 ε”λεγον
1089 1794 1543 1863 συσσωρεύοντας
1603 1794 1684 1855 εἰς
1740 1794 1871 1856 τοὺς

181 1884 471 1948 μεγίστους
517 1886 704 1944 οἴκους
749 1882 816 1934 τὰ
861 1883 1122 1949 πτώματα
1161 1881 1490 1935 ἀποκλείειν.
1558 1881 1739 1950 <571>
1777 1879 1869 1934 καὶ
1893 1902 1937 1935 20

178 1976 278 2021 τοῦ
325 1966 426 2037 μὲν
474 1972 631 2023 σίτου
685 1972 747 2023 τὸ
795 1969 998 2038 μέτρον
1047 1976 1332 2039 πραθῆναι
1382 1971 1682 2038 ταλάντου,
1736 1970 1869 2039 μετὰ

176 2065 346 2110 ταῦτα
387 2055 437 2110 δ’
477 2058 550 2121 ὡς
595 2055 726 2111 οὐδὲ
757 2063 1057 2128 ποηλογεῖν
1098 2056 1182 2112 ἔθ’
1223 2052 1345 2113 οἶόν
1383 2055 1430 2112 τ’
1467 2055 1538 2128 ἦν
1580 2076 1868 2128 περιτειχι-

177 2148 406 2214 σθείσης
459 2153 554 2214 τῆς
606 2150 840 2216 πόλεως,
902 2152 1202 2218 προελθεῖν
1263 2168 1417 2211 τινας
1470 2150 1548 2210 εἰς
1599 2154 1867 2201 τοσοῦτον

175 2233 416 2302 ἀνάγκης
470 2236 609 2288 ὥστε
663 2237 758 2299 τὰς
811 2236 1022 2307 ἀμάρας
1084 2236 1425 2305 ἐρευνῶντας
1485 2234 1577 2289 καὶ
1630 2236 1867 2288 παλαιὸν

174 2324 353 2376 ὄνθον
391 2325 542 2392 βοῶν
581 2323 998 2394 προσφέρεσθαι
1029 2326 1095 2379 τὰ
1135 2325 1196 2379 ἐκ
1226 2326 1438 2379 τούτων
1471 2326 1738 2394 σκύβαλα,
1776 2321 1867 2376 καὶ
1891 2343 1934 2376 25

171 2412 233 2464 τὸ
285 2410 413 2480 μηδ’
461 2414 584 2477 ὄψει
635 2415 881 2483 φορητὸν
927 2414 1096 2467 πάλαι
1146 2416 1267 2468 τότε
1319 2411 1583 2482 γενέσθαι
1634 2414 1866 2482 τροφήν.

173 2499 356 2569 <572>
394 2509 565 2555 ταῦτα
596 2499 852 2571 Ῥωμαῖοι
886 2499 986 2570 μὲν
1020 2502 1317 2566 ἀκούοντες
1346 2501 1606 2571 ἠλέησαν,
1647 2501 1705 2555 οἱ
1740 2515 1867 2553 στα-

171 2588 388 2642 σιασταὶ
445 2587 507 2643 δὲ
559 2588 652 2643 καὶ
707 2589 1003 2660 βλέποντες
1057 2591 1125 2645 οὐ
1171 2594 1498 2661 μετενόουν,
1552 2587 1673 2643 ἀλλ’
1718 2590 1867 2658 ἠνεί-

168 2697 332 2746 χοντο
388 2677 547 2749 μέχρι
600 2679 786 2732 αὐτῶν
839 2684 1162 2749 προελθεῖν·
1225 2682 1551 2748 πεπήρωντο
1599 2678 1705 2747 γὰρ
1756 2677 1865 2731 ὑπὸ

166 2773 267 2818 τοῦ
306 2768 504 2837 χρεών,
545 2767 574 2821 ὃ
614 2775 678 2838 τῇ
718 2787 776 2821 τε
815 2771 972 2822 πόλει
1011 2766 1103 2822 καὶ
1144 2769 1331 2832 αὐτοῖς
1369 2769 1476 2837 ἤδη
1516 2774 1713 2836 παρῆν.
1889 2787 1933 2819 30
