2032 3128
133 1042 187 1080 10

134 2817 187 2856 11

221 97 326 150 196
823 97 984 138 ΚΑΤΑ
1014 95 1292 139 ΑΠῙΩΝΟΣ

216 234 454 300 πρώτοις
493 232 596 300 γὰρ
631 228 844 283 δέδωκα
875 231 940 283 τὰ
972 232 1182 299 βιβλία,
1220 228 1311 283 καὶ
1351 228 1463 299 μετ’
1492 230 1738 294 ἐκείνους
1775 235 1908 285 πολ-

216 325 333 382 λοῖς
380 316 481 388 μὲν
521 317 800 388 Ῥωμαίων
839 329 954 381 τοῖς
992 321 1527 388 συμπεπολεμηκόσι,
1572 322 1798 382 πολλοῖς
1847 316 1908 372 δὲ

217 418 327 461 τῶν
359 405 640 477 ἡμετέρων
673 406 1028 476 ἐπίπρασκον,
1069 405 1303 476 ἀνδράσι
1341 405 1432 460 καὶ
1462 414 1558 475 τῆς
1586 395 1910 476 ’Ἑλληνικῆς

219 499 418 566 σοφίας
487 498 901 565 μετεσχηκόσιν,
973 490 1052 548 ὧν
1115 494 1265 547 ἐστιν
1322 491 1552 558 Ἰούλιος
1606 494 1910 566 Ἀρχέλαος,

209 583 464 655 “Ηρώδης
518 585 547 638 ὁ
600 587 952 652 σεμνότατος,
1006 585 1097 636 καὶ
1152 583 1316 646 αὐτὸς
1371 583 1400 637 ὁ
1454 585 1910 652 θαυμασιώτατος
1955 606 1976 638 5

218 675 479 741 βασιλεὺς
503 671 813 741 Ἀγρίππας.
860 672 1006 740 <52>
1038 668 1195 726 οὗτοι
1227 668 1329 740 μὲν
1354 667 1457 725 οὖν
1482 673 1717 734 ἅπαντες
1749 671 1911 741 ἐμαρ-

218 763 464 831 τύρησαν
501 760 583 813 ὅτι
623 767 719 828 τῆς
758 755 1022 829 ἀληθείας
1059 760 1344 828 προύστην
1377 759 1660 827 ἐπιμελῶς,
1701 760 1802 812 οὐκ
1841 759 1911 813 ἂν

217 849 675 918 ὑποστειλάμενοι
703 847 805 902 ’καὶ
846 849 1238 916 σιωπήσαντες,
1279 853 1335 900 εἴ
1365 867 1417 900 τι
1455 846 1575 900 κατ’
1608 849 1842 916 ἄγνοιαν
1877 847 1910 916 ἢ

217 942 573 1008 χαριζόμενος
626 936 903 1006 μετέθηκα
956 946 1069 989 τῶν
1123 938 1436 1003 γεγονότων
1490 935 1523 1004 ἢ
1579 935 1911 1005 παρέλιπον·

221 1026 366 1096 <53>
411 1031 617 1093 φαῦλοι
666 1024 732 1078 δέ
773 1044 917 1087 τινες
963 1026 1256 1094 ἄνθρωποι
1303 1024 1624 1093 διαβάλλειν
1663 1045 1771 1094 μου
1810 1027 1911 1095 τὴν
1938 1049 1979 1080 ιο

221 1117 470 1184 ἱστορίαν
518 1114 1007 1184 ἐπικεχειρήκασιν,
1055 1114 1236 1183 ὥσπερ
1285 1112 1346 1166 ἐν
1393 1117 1561 1183 σχολῇ
1614 1116 1914 1182 μειρακίων

221 1206 516 1273 γύμνασμα
561 1208 892 1272 προκεῖσθαι
937 1205 1253 1271 νομίζοντες
1294 1205 1627 1272 κατηγορίας
1671 1204 1914 1270 παραδό-

219 1292 316 1357 ξου
356 1290 444 1345 καὶ
487 1294 766 1360 διαβολῆς,
805 1290 936 1343 δέον
969 1290 1147 1344 ἐκεῖνο
1184 1292 1534 1359 γιγνώσκειν,
1574 1290 1659 1343 ὅτι
1692 1292 1782 1344 δεῖ
1815 1293 1914 1345 τὸν

219 1383 408 1443 ἄλλοις
461 1381 771 1449 παράδοσιν
823 1378 1075 1447 πράξεων
1123 1378 1411 1448 ἀληθινῶν
1465 1379 1914 1450 ὑπισχνούμενον

219 1470 389 1523 αὐτὸν
431 1468 760 1522 ἐπίστασθαι
800 1469 1000 1531 ταύτας
1045 1470 1317 1537 πρότερον
1356 1466 1619 1537 ἀκριβῶς,
1668 1467 1701 1536 ἢ
1740 1486 1914 1539 παρη-
1942 1488 1981 1521 15

218 1560 604 1626 κολουθηκότα
664 1566 780 1620 τοῖς
846 1558 1140 1624 γεγονόσιν
1201 1555 1234 1624 ἢ
1299 1557 1447 1625 παρὰ
1508 1565 1619 1609 τῶν
1683 1558 1914 1610 εἰδότων

218 1649 677 1716 πυνθανόμενον·
725 1645 870 1714 <54>
913 1646 1045 1714 ὅπερ
1087 1644 1193 1713 ἐγὼ
1234 1645 1468 1713 μάλιστα
1514 1643 1640 1715 περὶ
1680 1644 1916 1715 ἀμφοτέ-

220 1757 319 1808 ρας
373 1738 575 1805 νομίζω
630 1733 987 1803 πεποιηκέναι
1041 1735 1138 1797 τὰς
1190 1737 1575 1804 πραγματείας.
1660 1736 1762 1804 τὴν
1813 1732 1916 1804 μὲν

218 1826 324 1894 γὰρ
373 1824 788 1895 ἀρχαιολογίαν,
836 1825 1018 1893 ὥσπερ
1068 1825 1229 1892 ἔφην,
1277 1822 1334 1876 ἐκ
1380 1832 1491 1875 τῶν
1541 1824 1706 1892 ἱερῶν
1745 1843 1916 1893 γραμ-

219 1915 408 1983 μάτων
455 1915 907 1982 μεθηρμήνευκα,
954 1912 1198 1980 γεγονὼς
1247 1912 1427 1981 ἱερεὺς
1474 1910 1533 1964 ἐκ
1580 1910 1779 1980 γένους
1823 1911 1914 1966 καὶ
1939 1933 1983 1965 20

219 2003 559 2073 μετεσχηκὼς
598 2008 693 2070 τῆς
730 2003 1065 2070 φιλοσοφίας
1102 2007 1199 2068 τῆς
1234 1998 1296 2052 ἐν
1329 2000 1561 2062 ἐκείνοις
1590 2009 1706 2064 τοῖς
1744 2001 1916 2071 γράμ-

220 2106 377 2161 μασι·
442 2089 585 2158 <55>
647 2098 747 2143 τοῦ
810 2087 871 2143 δὲ
931 2087 1176 2158 πολέμου
1237 2089 1339 2157 τὴν
1396 2090 1645 2158 ἱστορίαν
1703 2091 1916 2157 ἔγραψα
1994 2095 1998 2098 ’

218 2184 442 2234 πολλῶν
475 2176 576 2248 μὲν
609 2179 915 2248 αὐτουργὸς
949 2178 1222 2248 πράξεων,
1260 2181 1535 2231 πλείστων
1569 2175 1620 2231 δ’
1646 2177 1918 2247 αὐτόπτης

219 2271 535 2338 γενόμενος,
568 2268 708 2330 ὅλως
740 2264 802 2320 δὲ
833 2276 944 2319 τῶν
976 2265 1290 2337 λεχθέντων
1322 2266 1356 2335 ἢ
1388 2265 1756 2336 πραχθέντων
1788 2264 1908 2319 οὐδ’

221 2358 411 2412 ὁτιοῦν
450 2355 742 2424 ἀγνοήσας.
820 2354 965 2424 <56>
1011 2365 1126 2419 πῶς
1165 2351 1270 2409 οὗν
1309 2355 1412 2409 οὐκ
1451 2355 1520 2408 ἂν
1558 2361 1792 2425 θρασεῖς
1837 2375 1917 2417 τις
1942 2375 1984 2409 25

219 2447 485 2515 ἡγήσαιτο
525 2447 655 2507 τοὺς
694 2443 1170 2512 ἀνταγωνίζεσθαί
1211 2464 1304 2512 μοι
1351 2442 1476 2512 περὶ
1521 2452 1615 2512 τῆς
1653 2443 1918 2513 ἀληθείας

221 2535 720 2603 ἐπικεχειρηκότας;
769 2536 826 2586 οἳ
868 2532 972 2586 κᾶν
1011 2543 1126 2596 τοῖς
1169 2543 1279 2586 τῶν
1319 2534 1743 2603 αὐτοκρατόρων
1781 2532 1917 2586 ὑπο-

222 2626 504 2693 μνήμασιν
544 2622 793 2691 ἐντυχεῖν
833 2621 1089 2690 λέγωσιν,
1138 2619 1254 2675 ἀλλ’
1287 2623 1354 2675 οὔ
1398 2641 1459 2689 γε
1506 2620 1596 2674 καὶ
1636 2630 1751 2684 τοῖς
1789 2619 1917 2690 ἡμε-

220 2711 400 2781 τέροις
437 2721 549 2765 τῶν
590 2711 1107 2780 ἀντιπολεμούντων
1146 2710 1426 2781 πράγμασι
1464 2710 1790 2780 παρέτυχον.

336 2800 479 2869 <57>
517 2797 644 2871 περὶ
691 2795 793 2868 μὲν
833 2794 936 2852 οὖν
975 2800 1189 2852 τούτων
1229 2799 1535 2867 ἀναγκαίαν
1575 2797 1915 2867 ἐποιησάμην
1939 2820 1983 2852 30

220 2891 323 2959 τὴν
355 2887 715 2960 παρέκβασιν,
755 2886 1201 2956 ἐπισημήνασθαι
1237 2890 1578 2957 βουλόμενος
1608 2896 1719 2940 τῶν
1753 2887 1915 2955 ἐπαγ-
