2032 3128
683 127 893 168 ΑοΓοΣ
924 124 1212 167 ΕΒΔοΜοΣ
1684 116 1748 167 17
1756 115 1789 166 3

109 264 415 333 δυνάμεως,
454 262 685 331 ἀόρατος
720 258 965 328 μένουσα
997 267 1111 319 τοῖς
1142 256 1522 323 ἀνθρωπίνοις
1553 254 1793 320 ὄμμασιν

111 354 289 411 ὥσπερ
338 351 501 413 αὐτὸς
548 349 577 403 ὁ
624 351 771 411 θεός.
847 346 1030 415 <347>
1069 342 1201 399 οὐδὲ
1246 345 1353 413 γὰρ
1400 342 1502 404 ἕως
1545 337 1695 393 ἐστὶν
1735 337 1795 391 ἐν

112 432 318 499 σώματι
356 436 671 498 θεωρεῖται·
710 438 963 497 πρόσεισι
1002 434 1107 503 γὰρ
1143 433 1392 501 ἀφανῶς,
1430 428 1521 483 καὶ
1560 428 1632 498 μὴ
1673 430 1796 496 βλε-

109 517 319 587 πομένη
382 518 549 570 πάλιν
603 516 1023 582 ἀπαλλάττεται,
1085 519 1217 583 μίαν
1272 517 1371 581 μὲν
1425 517 1561 578 αὐτὴ
1623 516 1796 583 φύσιν

66 630 86 660 5
113 608 311 676 ἔχουσα
373 606 474 674 τὴν
527 607 845 674 ἄφθαρτον,
906 605 1053 656 αἰτία
1108 600 1170 655 δὲ
1228 602 1439 669 σώματι
1500 603 1797 668 γιγνομένη

111 698 427 763 μεταβολῆς.
512 694 694 762 <348>
749 693 880 745 ὅτου
941 693 1046 760 γὰρ
1102 691 1171 744 ἂν
1225 690 1372 758 ψυχὴ
1433 687 1800 755 προσάψηται,

109 791 272 837 τοῦτο
307 786 364 853 ζῇ
404 781 496 836 καὶ
530 781 785 846 τέθηλεν,
826 782 959 830 ὅτου
992 777 1042 830 δ’
1065 778 1136 830 ἂν
1167 777 1475 847 ἀπαλλαγῇ,
1513 772 1800 845 μαρανθὲν

112 870 478 934 ἀποθνήσκει·
562 874 832 918 τοσοῦτον
881 862 1187 935 ’περίεστιν
1265 865 1401 934 αὐτῇ
1480 864 1801 926 ἀθανασίας.

110 955 291 1023 <349>
352 955 528 1017 ὕπνος
589 951 651 1006 δὲ
711 955 1007 1022 τεκμήριον
1064 954 1199 1022 ὑμῖν
1253 956 1390 1006 ἔστω
1451 963 1563 1006 τῶν
1618 955 1802 1020 λόγων

44 1066 88 1097 10
113 1041 528 1113 ἐναργέστατον,
585 1042 646 1096 ἐν
701 1036 744 1114 ᾧ
799 1045 995 1111 ψυχαί,
1050 1050 1150 1095 τοῦ
1204 1043 1454 1110 σώματος
1506 1041 1673 1104 αὐτὰς
1727 1042 1799 1110 μὴ

109 1140 502 1201 περισπῶντος,
542 1131 775 1200 ἡδίστην
815 1127 917 1198 μὲν
950 1133 1172 1200 ἔχουσιν
1204 1129 1520 1184 ἀνάπαυσιν
1559 1127 1644 1200 ἐφ’
1679 1128 1802 1182 ἑαυ-

109 1229 221 1272 τῶν
246 1221 556 1288 γενόμεναι,
579 1224 695 1290 θεῷ
725 1214 775 1271 δ’
797 1219 1089 1288 ὁμιλοῦσαι
1113 1220 1248 1272 κατὰ
1274 1218 1600 1287 συγγένειαν
1624 1219 1801 1288 πάντῃ

111 1305 214 1377 μὲν
262 1307 612 1376 ἐπιφοιτῶσι,
667 1308 845 1361 πολλὰ
902 1305 962 1360 δὲ
1012 1317 1124 1360 τῶν
1173 1307 1453 1377 ἐσομένων
1499 1311 1804 1376 προθεσπί-

114 1400 281 1460 ζουσι.
344 1396 527 1465 <350>
557 1399 616 1450 τί
644 1394 704 1449 δὲ
738 1397 827 1449 δεῖ
855 1395 1098 1449 δεδιέναι
1129 1397 1399 1466 θάνατον,
1429 1398 1532 1466 τὴν
1558 1395 1619 1450 ἐν
1644 1395 1802 1468 ὕπνῳ

45 1507 87 1539 15
113 1484 448 1554 γιγνομένην
477 1485 791 1538 ἀνάπαυσιν
823 1484 1173 1552 ἀγαπῶντας;
1212 1495 1327 1548 πῶς
1364 1481 1413 1538 δ’
1433 1486 1535 1539 οὐκ
1565 1484 1804 1553 ἀνόητόν

111 1574 225 1627 ἐστι
263 1570 366 1642 τὴν
405 1573 466 1626 ἐν
504 1581 578 1644 τῷ
629 1576 725 1642 ζῆν
765 1572 1091 1640 ἐλευθερίαν
1131 1574 1434 1636 διώκοντας
1477 1581 1574 1642 τῆς
1618 1573 1804 1627 ἀιδίου

109 1668 350 1733 φθονεῖν
398 1660 638 1725 ἑαυτοῖς;
695 1660 876 1728 (351)
924 1662 1036 1713 ἔδει
1092 1658 1194 1730 μὲν
1241 1657 1344 1715 οὗν
1388 1661 1529 1730 ἡμᾶς
1575 1667 1803 1716 οἴκοθεν

109 1748 582 1819 πεπαιδευμένους
641 1750 832 1811 ἄλλοις
894 1745 1038 1802 εἶναι
1106 1750 1453 1820 παράδειγμα
1514 1758 1608 1819 τῆς
1667 1753 1805 1820 πρὸς

110 1841 360 1893 θάνατον
407 1837 778 1907 ἑτοιμότητος·
835 1839 903 1892 οὐ
951 1838 1062 1907 μὴν
1110 1836 1229 1892 ἀλλ’
1268 1841 1318 1892 εί
1370 1837 1461 1892 καὶ
1510 1846 1605 1907 τῆς
1657 1840 1805 1907 παρὰ

9 1948 15 1951 ·
45 1951 89 1983 20
112 1939 222 1982 τῶν
254 1928 588 1998 ἀλλοφύλων
619 1929 861 1996 δεόμεθα
893 1931 1144 1996 πίστεως,
1176 1927 1467 1996 βλέψωμεν
1491 1930 1569 1990 εἰς
1594 1925 1807 1990 Ἰνδοὺς

111 2020 241 2080 τοὺς
280 2021 484 2086 σοφίαν
517 2016 706 2070 ἀσκεῖν
736 2015 1234 2086 ὑπισχνουμένους.
1296 2006 1478 2086 <352>
1510 2016 1717 2070 ἐκεῖνοί
1749 2036 1806 2069 τε

113 2108 218 2175 γὰρ
273 2108 427 2169 ὄντες
480 2107 679 2176 ἄνδρες
732 2104 936 2174 ἀγαθοὶ
990 2107 1088 2159 τὸν
1139 2103 1240 2175 μὲν
1294 2114 1395 2159 τοῦ
1452 2108 1547 2174 ζῆν
1599 2108 1806 2175 χρόνον

114 2196 296 2266 ὥσπερ
337 2195 644 2263 ἀναγκαίαν
678 2194 802 2246 τινὰ
840 2201 904 2263 τῇ
946 2195 1111 2263 φύσει
1151 2198 1502 2262 λειτουργίαν
1536 2193 1808 2257 ἀκουσίως

113 2283 479 2352 ὑπομένουσι,
535 2284 838 2336 σπεύδουσι
884 2279 946 2335 δὲ
992 2283 1087 2346 τὰς
1141 2283 1322 2351 ψυχας
1377 2277 1649 2337 ἀπολῦσαι
1694 2292 1806 2335 τῶν

47 2394 90 2427 25
115 2373 402 2442 σωμάτων,
458 2371 643 2440 <353>
696 2369 786 2424 καὶ
841 2372 1078 2439 μηδενὸς
1131 2372 1334 2434 αὐτοὺς
1388 2374 1808 2439 κατεπείγοντος

115 2469 287 2515 κακοῦ
326 2457 452 2530 μηδ’
487 2459 894 2529 ἐξελαύνοντος,
937 2462 1098 2532 πόθῳ
1135 2469 1230 2529 τῆς
1269 2460 1557 2515 ἀθανάτου
1599 2462 1809 2528 διαίτης

115 2549 450 2621 προλέγουσι
489 2546 590 2618 μὲν
622 2559 736 2612 τοῖς
767 2550 956 2612 ἄλλοις
987 2548 1072 2602 ὅτι
1110 2548 1410 2618 μέλλουσιν
1441 2549 1677 2615 ἀπιέναι,
1717 2547 1807 2602 καὶ

118 2642 265 2692 ἔστιν
305 2638 334 2692 ὁ
372 2639 643 2691 κωλύσων
683 2637 894 2705 οὐδείς,
945 2637 1085 2691 ἀλλὰ
1130 2639 1330 2702 πάντες
1375 2638 1578 2708 αὐτοὺς
1623 2636 1808 2690 εὐδαι-

118 2730 430 2796 μονίζοντες
474 2729 612 2795 πρὸς
656 2729 786 2789 τοὺς
833 2728 1070 2790 οἰκείους
1125 2726 1343 2781 ἔκαστοι
1391 2728 1645 2780 διδόασιν
1694 2726 1807 2779 ἐπι-

52 2839 96 2871 30
121 2816 341 2879 στολάς·
396 2815 579 2884 <354>
636 2815 781 2869 οὕτω
836 2818 1067 2884 βεβαίαν
1118 2814 1211 2870 καὶ
1265 2816 1646 2884 ἀληθεστάτην
1690 2825 1810 2878 ταῖς

118 2914 319 2975 ψυχαῖς
355 2903 459 2974 τὴν
498 2902 610 2974 μετ’
643 2903 898 2972 ἀλλήλων
929 2900 1073 2958 εἶναι
1113 2906 1329 2958 δίαιταν
1368 2905 1807 2958 πεπιστεύκασιν.
