2032 3128
141 2890 165 2927 5

189 85 297 138 248
795 88 954 130 RATA
984 87 1261 131 ΑΠῙΩΝΟΣ

190 221 359 274 αὐτοῦ
415 223 578 274 πόλιν
630 219 950 290 κτιζομένην
1003 219 1360 291 Ἀλέξανδρος
1419 231 1528 275 τῶν
1589 221 1869 291 ἡμετέρων

189 309 341 371 τινας
387 308 500 361 ἐκεῖ
542 311 934 378 συνήθροισεν,
981 308 1118 362 ἀλλὰ
1156 309 1364 372 πάντας
1410 311 1716 379 δοκιμάζων
1756 310 1864 363 ἐπι-

189 402 363 466 μελῶς
417 396 610 466 ἀρετῆς
666 395 756 449 καὶ
810 399 1042 460 πίστεως
1092 405 1254 450 τοῦτο
1308 406 1420 460 τοῖς
1472 397 1754 468 ἡμετέροις
1807 398 1863 451 τὸ

189 484 349 554 γέρας
396 486 615 538 ἔδωκεν.
693 485 851 552 <43>
900 485 1054 554 ἐτίμα
1098 486 1202 555 γὰρ
1250 485 1405 554 ἡμῶν
1450 488 1510 540 τὸ
1559 489 1748 554 ἔθνος,
1794 486 1866 547 ὡς

188 577 284 626 καί
318 587 489 641 φησιν
521 571 798 636 Ἑκαταῖος
835 571 958 642 περὶ
989 573 1145 642 ἡμῶν
1185 574 1267 626 ὅτι
1305 574 1396 626 διὰ
1434 575 1535 643 τὴν
1575 574 1866 628 ἐπιείκειαν
1913 595 1932 628 ⁵

187 661 278 714 καὶ
324 664 526 730 πίστιν,
573 661 642 730 ἣν
690 661 835 733 αὐτῷ
882 660 1157 732 παρέσχον
1201 658 1490 730 Ἰουδαῖοι,
1538 663 1638 731 τὴν
1683 666 1867 731 Σαμα-

190 759 362 819 ρεῖτιν
412 747 597 819 χώραν
634 748 981 820 προσέθηκεν
1021 752 1164 819 ἔχειν
1203 750 1390 813 αὐτοῖς
1436 750 1868 821 ἀφορολόγητον.

189 838 331 906 <44>
378 839 539 907 ὅμοια
596 836 646 890 δ’
684 835 1023 911 Ἀλεξάνδρῳ
1077 836 1167 891 καὶ
1213 842 1557 908 Πτολεμαῖος
1603 839 1631 893 ὁ
1677 839 1869 906 Λάγου

188 926 314 996 περὶ
346 937 455 980 τῶν
493 926 552 979 ἐν
584 923 966 998 Ἀλεξανδρείᾳ
1004 928 1411 980 κατοικούντων
1451 929 1742 996 ἐφρόνησε·
1779 924 1871 979 καὶ

191 1017 294 1085 γὰρ
335 1016 398 1068 τὰ
437 1015 572 1067 κατὰ
611 1016 712 1082 τὴν
741 1019 1028 1082 Αἴγυπτον
1068 1015 1255 1078 αὐτοῖς
1288 1014 1581 1085 ἐνεχείρισε
1609 1015 1872 1084 φρούρια,
1896 1037 1940 1068 ιο

191 1113 394 1166 πιστῶς
434 1105 543 1172 ἅμα
582 1101 674 1156 καὶ
712 1106 978 1170 γενναίως
1019 1102 1286 1171 φυλάξειν
1320 1103 1745 1172 ὑπολαμβάνων,
1783 1101 1872 1155 καὶ

191 1194 452 1261 Κυρήνης
491 1191 766 1261 ἐγκρατῶς
809 1193 999 1261 ἄρχειν
1037 1194 1377 1260 βουλόμενος
1414 1190 1505 1244 καὶ
1540 1201 1650 1244 τῶν
1690 1192 1874 1244 ἄλλων

190 1289 301 1333 τῶν
351 1280 410 1333 ἐν
457 1288 522 1350 τῇ
562 1281 746 1350 Λιβύῃ
792 1282 1009 1334 πόλεων
1055 1282 1133 1343 εἰς
1178 1280 1344 1342 αὐτὰς
1391 1279 1551 1349 μέρος
1590 1277 1876 1333 Ἰουδαίων

192 1372 395 1438 έπεμψε
449 1376 790 1436 κατοικήσον.
885 1367 1044 1438 <45>
1099 1368 1128 1422 ὁ
1185 1366 1246 1421 δὲ
1300 1367 1415 1437 μετ’
1455 1368 1624 1422 αὐτὸν
1671 1372 1877 1422 Πτολε-

192 1467 378 1527 μαῖος,
425 1457 453 1510 ὁ
504 1458 854 1527 Φιλάδελφος
900 1456 1242 1526 ἐπικληθείς,
1298 1456 1366 1511 οὐ
1411 1459 1586 1526 μόνον
1632 1462 1689 1510 εἴ
1734 1475 1878 1518 τινες
1904 1477 1947 1510 15
2003 1503 2018 1510 -.

191 1543 331 1614 ἦσαν
387 1547 718 1616 αἰχμάλωτοι
772 1542 900 1612 παρ’
949 1545 1096 1617 αὐτῷ
1151 1554 1261 1598 τῶν
1313 1544 1618 1614 ἡμετέρων,
1673 1546 1881 1608 πάντας

192 1633 490 1702 ἀπέδωκεν,
530 1633 668 1687 ἀλλὰ
706 1632 796 1687 καὶ
837 1636 1084 1704 χρήματα
1122 1634 1386 1697 πολλάκις
1417 1634 1750 1703 ἐδωρήσατο,
1788 1632 1879 1686 καὶ

192 1725 251 1776 τὸ
307 1721 588 1791 μέγιστον,
652 1722 993 1792 ἐπιθυμητὴς
1048 1721 1262 1790 ἐγένετο
1322 1730 1422 1775 τοῦ
1484 1731 1692 1790 γνῶναι
1753 1724 1881 1784 τοὺς

192 1810 487 1880 ἡμετέρους
524 1813 732 1879 νόμους
769 1809 860 1864 καὶ
894 1821 1012 1874 ταῖς
1049 1820 1160 1864 τῶν
1195 1812 1358 1880 ἱερῶν
1399 1820 1627 1880 γραφῶν
1666 1813 1881 1880 βίβλοις
2018 1883 2021 1886 .

193 1899 455 1969 ἐντυχεῖν.
540 1900 698 1969 <46>
742 1902 946 1969 ἔπεμψε
993 1908 1132 1968 γοῦν
1179 1899 1348 1964 ἀξιῶν
1394 1900 1600 1970 ἄνδρας
1646 1898 1880 1953 ἀποστα-
1904 1920 1949 1952 20
2017 1915 2022 1976 ss

193 1993 353 2057 λῆναι
399 1991 528 2050 τοὺς
578 1986 1015 2058 ἑρμηνεύσοντας
1062 1988 1208 2060 αὐτῷ
1258 1990 1355 2041 τὸν
1401 1991 1595 2057 νόμον,
1644 1986 1736 2040 καὶ
1782 1995 1881 2041 τοῦ
2017 1992 2022 2052 ζ

193 2084 472 2146 γραφῆναι
528 2085 697 2130 ταῦτα
751 2083 927 2140 καλῶς
980 2077 1082 2145 τὴν
1137 2075 1449 2146 ἐπιμέλειαν
1505 2075 1759 2140 ἐπέταξεν
1813 2077 1880 2129 οὐ
1999 2076 2025 2183 ἑ

193 2174 306 2228 τοῖς
344 2174 626 2235 τυχοῦσιν,
666 2164 803 2219 ἀλλὰ
839 2168 1163 2235 Δημήτριον
1199 2167 1298 2219 τὸν
1340 2163 1600 2235 Φαληρέα
1638 2163 1728 2218 καὶ
1761 2163 1882 2216 Ἀν-
2011 2165 2025 2220 '3

195 2253 363 2322 δρέαν
402 2253 493 2306 καὶ
528 2250 798 2324 Ἀριστέα,
837 2256 933 2308 τὸν
973 2252 1074 2323 μὲν
1113 2256 1336 2326 παιδείᾳ
1375 2263 1486 2307 τῶν
1524 2251 1651 2306 καθ’
1684 2251 1882 2306 ἑαυτὸν
2002 2215 2026 2366 i}

2011 2405 2026 2444 ἒ

194 2341 532 2412 διαφέροντα
571 2346 912 2413 Δημήτριον,
968 2344 1112 2412 (47)
1150 2345 1279 2406 τοὺς
1318 2340 1378 2396 δὲ
1417 2344 1519 2412 τὴν
1557 2350 1657 2396 τοῦ
1701 2343 1881 2410 σώμα-
1906 2362 1950 2395 25
2012 2364 2025 2404 ε

194 2452 285 2495 τος
338 2431 509 2485 αὐτοῦ
571 2433 826 2501 φυλακὴν
882 2430 1413 2502 ἐγκεχειρισμένους,
1477 2429 1566 2484 ἐπὶ
1619 2438 1713 2499 τῆς
1768 2429 1881 2483 ἐπι-
2011 2417 2015 2421 ”

194 2523 410 2589 μελείας
461 2522 660 2590 ταύτης
714 2520 926 2589 ἔταξεν,
986 2521 1086 2574 οὐκ
1140 2520 1209 2573 ἂν
1264 2521 1442 2589 δήπου
1495 2522 1623 2582 τοὺς
1675 2521 1883 2588 νόμους

194 2608 285 2662 καὶ
339 2610 440 2677 τὴν
499 2609 730 2678 πάτριον
783 2609 939 2677 ἡμῶν
1001 2612 1338 2678 φιλοσοφίαν
1392 2607 1737 2677 ἐπιθυμήσας
1799 2607 1881 2660 ἐκ-

195 2703 417 2766 μαθεῖν,
471 2699 523 2750 εί
565 2706 675 2751 τῶν
722 2697 1023 2767 χρωμένων
1062 2687 1254 2760 αὐτοῖς
1294 2696 1516 2766 ἀνδρῶν
1555 2698 1881 2765 κατεφρόνει

195 2784 286 2839 καὶ
326 2787 399 2855 μὴ
441 2789 567 2839 λίαν
607 2785 932 2855 ἐθαύμαζεν.
1227 2808 1230 2812 ’
1906 2804 1950 2836 30

312 2874 455 2942 <48>
489 2872 727 2928 Ἀπίωνα
766 2871 829 2928 δὲ
872 2876 1071 2945 σχεδὸν
1111 2873 1302 2945 ἐφεξῆς
1345 2874 1547 2937 πάντες
1586 2875 1793 2926 ἔλαθον
1832 2872 1891 2925 οἱ
