2032 3128
247 93 350 145 128
664 96 788 138 Tor
819 95 1160 138 IOTAAIKOT
1189 95 1498 137 ΠΟΛΕΜΟΥ

240 232 404 294 σθαι,
450 226 647 281 πολλοὶ
688 225 749 280 δὲ
796 226 887 281 καὶ
933 231 1251 282 συνείκοσιν
1290 226 1696 299 ἀθροίζονται),
1747 227 1928 295 <424>

239 324 350 367 τῶν
398 312 500 384 μὲν
538 316 807 384 θυμάτων
847 321 1020 370 εἴκοσι
1066 314 1227 369 πέντε
1274 317 1547 385 μυριάδας
1592 317 1927 387 ἠρίθμησαν,

238 404 375 468 πρὸς
414 398 466 455 δ’
496 402 831 474 ἑξακισχίλια
869 403 960 457 καὶ
998 406 1342 457 πεντακόσια.
1420 404 1603 473 <425>
1641 408 1928 472 γίγνονται

238 488 287 542 δ’
314 489 555 559 ἀνδρῶν,
587 489 663 544 ἵν’
687 490 918 546 ἑκάστου
952 491 1083 546 δέκα
1114 494 1451 560 δαιτυμόνας
1480 497 1693 561 θῶμεν,
1733 491 1928 560 μυριά-

239 579 330 640 δες
367 576 746 646 ἑβδομήκοντα
783 578 875 631 καὶ
917 581 1212 648 διακόσιαι,
1251 585 1518 649 καθαρῶν
1550 580 1808 634 ἁπάντων
1838 578 1928 633 καὶ
1975 604 1996 637 5

238 665 450 733 ἁγνῶν·
514 666 696 734 <426>
756 669 881 721 οὔτε
938 668 1042 737 γὰρ
1090 673 1310 735 λεπροῖς
1364 669 1490 721 οὔτε
1549 677 1930 739 γονορροῖκοῖς

238 755 365 808 οὔτε
412 754 666 822 γυναιξὶν
706 754 1037 824 ἐπεμμήνοις
1076 756 1202 808 οὔτε
1249 765 1364 819 τοῖς
1411 757 1590 818 ἄλλως
1636 757 1929 825 μεμιασμέ-

237 863 357 906 νοις
388 843 515 912 ἐξῆν
541 845 706 911 τῆσδε
738 851 834 911 τῆς
863 847 1066 906 θυσίας
1097 844 1552 913 μεταλαμβάνειν,
1586 845 1770 912 <427>
1804 843 1924 897 ἀλλ’

239 929 371 985 οὐδὲ
408 942 524 995 τοῖς
563 931 923 1001 ἀλλοφύλοις,
972 932 1094 986 ὅσοι
1140 933 1276 985 κατά
1314 936 1621 1003 θρησκείαν
1659 941 1928 1003 παρῆσαν.

236 1023 378 1074 πολὺ
433 1018 493 1074 δὲ
546 1021 760 1074 τούτων
805 1025 1023 1089 πλῆθος
1076 1019 1287 1084 ἔξωθεν
1335 1019 1669 1089 συλλέγεται.
1747 1021 1927 1089 <428>
1954 1045 1997 1077 ιο

235 1111 357 1162 τότε
404 1129 464 1178 γε
514 1110 624 1178 μὴν
672 1110 853 1175 ὥσπερ
902 1111 980 1171 εἰς
1035 1110 1257 1178 εἱρκτὴν
1303 1109 1410 1162 ὑπὸ
1457 1116 1553 1177 τῆς
1598 1107 1929 1178 εἱμαρμένης

235 1205 346 1250 πᾶν
388 1200 755 1266 συνεκλείσθη
795 1199 857 1251 τὸ
898 1200 1083 1266 ἔθνος,
1122 1196 1213 1250 καὶ
1253 1199 1463 1266 ναστὴν
1494 1198 1524 1251 ὁ
1559 1201 1797 1266 πόλεμος
1826 1198 1928 1266 τὴν

235 1287 400 1338 πόλιν
451 1285 673 1355 ἀνδρῶν
721 1286 1082 1339 ἐκυκλώσατο.
1167 1286 1348 1354 <429>
1402 1293 1584 1339 πᾶσαν
1638 1294 1779 1354 γοῦν
1833 1285 1928 1338 ἀν-

236 1377 530 1443 θρωπίνην
569 1373 661 1427 καὶ
709 1376 1005 1443 δαιμονίαν
1047 1376 1275 1443 φθορὰν
1314 1374 1646 1444 ὑπερβάλλει
1685 1376 1746 1428 τὸ
1792 1369 1953 1442 πλῆἕ

233 1468 340 1526 θος
386 1472 496 1516 τῶν
544 1462 926 1517 ἀπολωλότων.
1004 1462 1122 1516 ἐπεὶ
1177 1470 1318 1532 γοῦν
1364 1472 1475 1516 τῶν
1523 1473 1784 1533 φανερῶν
1832 1463 1929 1526 οὓς
1952 1486 1995 1518 15

235 1548 337 1619 μὲν
369 1551 611 1620 ἀνεῖλον,
651 1552 747 1615 οὓς
779 1547 830 1605 δ’
859 1550 1308 1624 ᾐχμαλωτίσαντο
1341 1550 1614 1621 Ῥωμαῖοι,
1654 1552 1753 1615 οὓς
1792 1549 1843 1605 δ’
1866 1551 1928 1605 ἐν

233 1649 347 1702 τοῖς
384 1639 688 1709 ὑπονόμοις
726 1640 1072 1710 ἀνηρεύνων,
1110 1639 1201 1694 καὶ
1233 1641 1513 1710 τοῦδαφος
1545 1640 1928 1710 ἀναρρηγνύν-

233 1747 320 1791 τες
352 1728 504 1791 ὅσοις
539 1726 641 1796 μὲν
673 1728 1041 1799 ἐνετύγχανον
1075 1731 1343 1795 ἔκτεινον,
1397 1729 1581 1796 <430>
1614 1728 1928 1798 εὑρέθησαν

234 1813 295 1869 δὲ
334 1816 492 1869 κάκεῖ
534 1816 723 1886 νεκροὶ
765 1821 989 1881 πλειόυς
1030 1820 1345 1888 δισχιλίων,
1385 1820 1443 1870 οἳ
1479 1814 1581 1886 μὲν
1620 1816 1728 1870 ὑπὸ
1768 1826 1927 1887 σφῶν

233 1905 435 1972 αὐτῶν,
479 1909 537 1960 οἳ
565 1905 618 1959 δ’
649 1904 746 1959 ὑπ’
779 1907 1053 1975 ἀλλήλων,
1092 1909 1154 1960 τὸ
1185 1905 1355 1960 πλέον
1396 1904 1447 1959 δ’
1475 1906 1583 1959 ὑπὸ
1623 1914 1723 1958 τοῦ
1763 1909 1928 1974 λιμοῦ
1952 1929 1995 1961 20

234 1994 651 2063 διεφθαρμένοι.
729 1996 912 2065 <431>
954 1996 1108 2064 δεινὴ
1150 1993 1200 2048 δ’
1232 1995 1449 2063 ὑπήντα
1492 2004 1607 2057 τοῖς
1647 1994 1927 2047 ἐπεισπίπ-

232 2097 428 2135 τουσιν
461 2083 602 2152 ὀσμὴ
635 2094 746 2137 τῶν
779 2084 1066 2153 σωμάτων,
1106 2085 1180 2147 ὡς
1214 2086 1455 2147 πολλοὺς
1485 2080 1587 2152 μὲν
1619 2082 1928 2153 ἀναχωρεῖν

233 2170 472 2240 εὐθέως,
519 2175 649 2235 τοὺς
697 2168 745 2225 δ’
785 2172 892 2225 ὑπὸ
939 2172 1256 2236 πλεονεξίας
1301 2173 1652 2240 εἰσδύεσθαι,
1697 2174 1929 2241 νεκροὺς

234 2259 683 2329 σεσωρευμένους
732 2260 1131 2330 ἐμπατοῦντας·
1208 2261 1390 2329 <432>
1436 2261 1615 2314 πολλὰ
1665 2261 1769 2329 γὰρ
1816 2269 1928 2313 τῶν

232 2351 531 2417 κειμηλίων
559 2349 620 2402 ἐν
651 2359 768 2412 ταῖς
800 2350 1063 2420 διώρυξιν
1094 2349 1397 2419 εὑρίσκετο,
1431 2347 1523 2402 καὶ
1553 2356 1737 2401 πᾶσαν
1769 2354 1926 2417 θεμι-
1952 2370 1997 2402 25

231 2436 333 2504 τὴν
373 2437 510 2490 ὁδὸν
550 2436 721 2490 ε’ποίει
767 2439 828 2491 τὸ
876 2436 1085 2507 κέρδος.
1164 2438 1438 2506 ἀνήγοντο
1480 2433 1542 2489 δὲ
1588 2435 1680 2489 καὶ
1719 2439 1928 2506 δεσμῶ-

230 2544 321 2577 ται
367 2524 564 2578 πολλοὶ
604 2535 714 2578 τῶν
753 2527 1072 2593 τυράννων·
1119 2526 1301 2595 <433>
1344 2522 1477 2579 οὐδὲ
1523 2525 1628 2594 γὰρ
1670 2526 1730 2578 ἐν
1771 2525 1928 2595 ἐσχά-

231 2633 346 2676 τοις
400 2613 710 2668 ἐπαύσαντο
765 2622 860 2682 τῆς
917 2615 1208 2684 ὠμότητος.
1287 2614 1581 2667 ἀπετίσατό
1630 2633 1691 2682 γε
1740 2615 1850 2683 μὴν
1898 2615 1927 2668 ὁ

228 2704 362 2765 θεὸς
414 2702 764 2772 ἀμφοτέρους
809 2702 997 2772 ἀξίως,
1044 2702 1136 2757 καὶ
1181 2701 1444 2771 Ἰωάννης
1491 2699 1593 2771 μὲν
1642 2703 1928 2771 λιμώττων

230 2792 364 2858 μετὰ
419 2800 530 2844 τῶν
577 2791 837 2862 ἀδελφῶν
884 2793 944 2845 ἐν
991 2802 1106 2856 τοῖς
1159 2793 1488 2861 ὑπονόμοις,
1543 2791 1614 2859 ἣν
1661 2791 1924 2853 πολλάκις
1948 2813 1992 2844 30

229 2878 621 2949 ὑπερηφάνησε
669 2882 818 2951 παρὰ
858 2879 1142 2951 Ῥωμαίων
1190 2879 1376 2944 δεξιὰν
1424 2883 1616 2949 λαβεῖν
1665 2877 1926 2947 ἱκέτευσε,
