2032 3128
213 105 318 156 124
627 106 752 147 ΤΟΥ
782 104 1122 146 ΙΟΤΔΑΙΚΟΤ
1151 103 1458 145 ΠΟΛΕΜΟΥ
1963 0 2001 152 3

552 136 582 224 l

203 238 519 306 ὑπονόμοις,
558 238 737 306 <393>
767 235 963 290 πολλοὶ
998 233 1059 289 δὲ
1092 235 1410 298 διαστάντες
1447 235 1726 303 ἠμύνοντο
1759 237 1887 298 τοὺς

202 326 580 394 προσάγοντας
617 327 714 388 τὰς
762 323 1051 386 ἑλεπόλεις.
1123 323 1390 390 ἐκράτουν
1431 319 1491 375 δὲ
1537 320 1628 375 καὶ
1673 323 1887 376 τούτων

194 412 446 479 Ῥωμαῖοι
491 414 695 480 πλήθει
740 432 797 465 τε
843 411 934 464 καὶ
981 415 1100 482 βία,
1147 409 1238 463 καὶ
1285 412 1346 463 τὸ
1393 408 1672 479 μέγιστον,
1717 409 1888 462 εὐθυ-

202 507 432 568 μοῦντες
477 499 712 566 ἀθύμων
751 501 856 566 ἤδη
905 498 995 551 καὶ
1041 497 1401 566 παρειμένων.
1479 497 1663 567 <394>
1710 498 1783 560 ὡς
1827 495 1889 551 δὲ
1995 565 2007 571 ⁴.

200 587 513 657 παρερράγη
562 585 724 654 μέρος
761 606 813 638 τι
853 593 952 638 τοῦ
991 587 1230 654 τείχους,
1275 588 1371 637 καί
1411 604 1558 647 τινες
1598 594 1710 638 τῶν
1748 586 1885 655 πύρ-
1931 609 1952 641 5
1988 575 2008 654 ¹'j

202 695 316 743 γων
363 677 690 743 τυπτόμενοι
743 683 858 735 τοῖς
910 683 1086 743 κριοῖς
1136 671 1418 740 ἐνέδοσαν,
1474 674 1624 741 φυγὴ
1671 670 1773 742 μὲν
1818 670 1889 743 ἧν

202 762 412 824 εὐθέως
449 772 559 815 τῶν
600 761 981 830 ἀμυνομένων,
1031 762 1154 823 δέος
1195 758 1255 813 δὲ
1301 759 1394 813 καὶ
1441 770 1557 823 τοῖς
1594 761 1892 829 τυράννοις

204 851 451 919 ἐμπίπτει
499 852 875 919 σφοδρότερον
915 857 1009 918 τῆς
1059 848 1324 917 ἀνάγκης·
1379 848 1560 917 (395)
1606 848 1739 918 πρὶν
1785 851 1890 917 γὰρ

202 939 508 1008 ὑπερβῆναι
555 941 683 1001 τοὺς
727 941 1048 1006 πολεμίους,
1098 937 1345 1007 ἐνάρκων
1385 956 1440 990 τε
1489 935 1579 989 καὶ
1627 935 1892 1007 μετέωροι

202 1029 339 1094 πρὸς
386 1028 572 1095 φυγὴν
618 1023 774 1094 ἦσαν.
850 1022 921 1094 ἦν
962 1023 1012 1077 δ’
1043 1026 1186 1078 ἰδεῖν
1225 1028 1355 1088 τοὺς
1399 1025 1571 1078 πάλαι
1618 1028 1893 1094 σοβαροὺς
1917 1050 1960 1081 ιο
1990 1054 2013 1110 3

202 1114 291 1167 καὶ
330 1125 445 1178 τοῖς
481 1114 821 1183 ἀσεβήμασιν
856 1114 1121 1178 ἀλαζόνας
1155 1117 1276 1167 τότε
1315 1116 1607 1176 ταπεινοὺς
1645 1112 1736 1166 καὶ
1774 1113 1892 1180 τρέ-
2006 1123 2008 1126 “

203 1222 429 1271 μοντας,
469 1203 542 1265 ὡς
574 1202 818 1270 ἐλεεινὴν
851 1199 994 1255 εἶναι
1032 1206 1227 1271 καίπερ
1261 1201 1322 1255 ἐν
1353 1202 1751 1271 πονηροτάτοις
1788 1202 1892 1270 τὴν

202 1292 524 1359 μεταβολήν.
600 1291 780 1359 <396>
829 1291 1092 1359 ὥρμησαν
1131 1287 1233 1360 μὲν
1274 1286 1377 1344 οὖν
1418 1289 1504 1343 ἐπὶ
1551 1291 1612 1343 τὸ
1659 1292 1893 1359 περιτεί-

202 1393 368 1447 χισμα
408 1380 709 1447 δραμόντες
748 1379 1007 1431 ὤσασθαί
1049 1398 1107 1431 τε
1145 1381 1275 1441 τοὺς
1313 1381 1598 1449 φρουροὺς
1644 1376 1735 1431 καὶ
1775 1379 1891 1431 δια-

201 1470 468 1530 κόψαντες
530 1466 801 1530 ἐξελθεῖν·
869 1467 1050 1535 <397>
1115 1468 1187 1529 ὡς
1249 1464 1310 1520 δὲ
1370 1470 1501 1530 τοὺς
1562 1464 1663 1536 μὲν
1724 1466 1893 1519 πάλαι
1919 1489 1962 1522 15

200 1556 427 1616 πιστοὺς
466 1552 654 1623 ἑώρων
687 1555 938 1623 οὐδαμοῦ
978 1553 1275 1626 (διέφυγον
1307 1556 1411 1624 γὰρ
1446 1556 1552 1625 ὅπῃ
1591 1553 1702 1608 τινὶ
1734 1568 1894 1607 συνε-

200 1644 469 1710 βούλευεν
506 1642 539 1710 ἡ
581 1641 837 1714 ἀνάγκη),
876 1642 1249 1711 προσθέοντες
1289 1642 1339 1696 δ’
1369 1647 1427 1697 οἳ
1462 1641 1563 1712 μὲν
1596 1644 1730 1696 ὅλον
1762 1642 1893 1696 ἀνα-

199 1731 506 1799 τετράφθαι
545 1732 605 1783 τὸ
644 1733 782 1799 πρὸς
823 1732 986 1784 δύσιν
1026 1741 1203 1801 τεῖχος
1240 1733 1530 1800 ἤγγελλον,
1570 1734 1630 1785 οἳ
1665 1730 1713 1784 δ’
1741 1731 1893 1800 ἐμβε-

199 1818 460 1887 βληκέναι
514 1821 642 1882 τοὺς
694 1817 1017 1889 Ῥωμαίους,
1081 1823 1139 1874 οἳ
1190 1818 1244 1873 δ’
1289 1822 1395 1889 ἤδη
1457 1824 1695 1889 πλησίον
1750 1817 1895 1874 εἶναι

204 1909 492 1974 ζητοῦντας
538 1907 767 1976 αὐτούς,
815 1908 994 1977 <398>
1043 1908 1219 1974 ἕτεροι
1268 1906 1330 1961 δὲ
1380 1907 1471 1962 καὶ
1520 1909 1739 1979 ἀφορᾶν
1786 1907 1892 1962 ἀπὸ
1917 1933 1962 1966 20

200 2004 312 2047 τῶν
358 1996 588 2063 πύργων
640 2000 937 2065 πολεμίους
992 1999 1184 2065 ἔλεγον
1237 1997 1536 2061 πλάζοντος
1591 1999 1686 2060 τὰς
1742 1999 1896 2062 ὄψεις

201 2091 300 2136 τοῦ
340 2082 528 2151 δεόυς,
566 2082 653 2136 ἐπὶ
695 2087 866 2153 στόμα
905 2088 1166 2148 πεσόντες
1206 2084 1507 2157 ἀνῴμωζον
1546 2087 1650 2155 τὴν
1683 2083 1895 2139 ἑαυτῶν

202 2171 663 2240 φρενοβλάβειαν,
710 2172 802 2226 καὶ
848 2174 1099 2244 καθάπερ
1140 2174 1579 2244 ὑποκεκομμένοι
1618 2176 1684 2228 τὰ
1723 2183 1894 2244 νεῦρα

200 2267 295 2327 τῆς
341 2267 522 2328 φυγῆς
567 2260 856 2330 ἠπόρουν,
907 2262 1089 2332 <399>
1136 2265 1277 2316 ἔνθα
1326 2265 1394 2332 δὴ
1442 2259 1661 2331 μάλιστ’
1699 2264 1770 2316 ἄν
1815 2283 1897 2326 τις

199 2348 511 2415 καταμάθοι
549 2351 652 2417 τήν
682 2369 739 2402 τε
777 2358 877 2403 τοῦ
915 2357 1056 2404 θεοῦ
1098 2351 1340 2420 δύναμιν
1375 2350 1463 2405 ἐπὶ
1498 2361 1616 2415 τοῖς
1647 2352 1894 2414 ἀνοσίοις
1918 2374 1963 2407 25
2016 2419 2020 2422 Ι

198 2433 289 2487 καὶ
335 2436 436 2504 τὴν
481 2434 764 2506 Ῥωμαίων
811 2439 1000 2508 τύχην.
1079 2441 1137 2493 οἱ
1186 2437 1288 2509 μὲν
1335 2442 1441 2510 γὰρ
1488 2442 1756 2510 τύραννοι
1800 2448 1896 2510 τῆς

199 2523 500 2593 ἀσφαλείας
547 2523 876 2594 ἐγύμνωσαν
916 2525 1147 2592 ἑαυτοὺς
1185 2529 1288 2581 κάκ
1325 2538 1439 2583 τῶν
1477 2530 1708 2599 πύργων
1748 2533 1895 2582 κατέ-

198 2614 377 2680 βησαν
417 2610 654 2682 ἑκόντες,
693 2612 778 2683 ἐφ’
804 2610 882 2668 ὧν
913 2619 1008 2687 βία
1047 2614 1149 2686 μὲν
1181 2615 1439 2671 οὐδέποτ’
1471 2617 1703 2686 ἁλῶναι,
1741 2620 1895 2690 μόνῳ

198 2697 245 2751 δ’
288 2699 558 2755 ἐδύναντο
606 2706 775 2775 λιμῷ·
830 2703 1011 2774 <4ΟΟ>
1058 2704 1311 2775 Ῥωμαῖοι
1359 2703 1421 2759 δὲ
1475 2713 1716 2760 τοσαῦτα
1768 2704 1896 2775 περὶ

195 2796 310 2850 τοῖς
356 2788 778 2860 ἀσθενεστέροις
822 2796 1022 2863 τείχεσι
1075 2797 1343 2863 καμόντες
1392 2793 1710 2865 παρέλαβον
1757 2796 1893 2864 τύχῃ
1919 2817 1963 2848 30

194 2876 260 2928 τὰ
299 2877 372 2945 μὴ
416 2879 627 2931 δυνατὰ
666 2888 782 2942 τοῖς
821 2880 1106 2950 ὀργάνοις·
1154 2885 1360 2946 παντὸς
1397 2885 1505 2952 γὰρ
1548 2885 1895 2954 ἰσχυρότεροι
