2032 3128
208 82 243 134 2
627 83 752 124 ΤΟΤ
783 83 1124 125 ΙΟΤΔΑΙΚΟΤ
1154 83 1462 144 ΠΟΛΕΜΟΥ

210 210 292 279 οἷς
332 215 564 280 Ἐζεκίας
607 212 679 284 ἦν
726 215 951 287 Χωβαρὶ
995 226 1122 279 παῖς
1161 217 1262 270 οὐκ
1309 217 1529 285 ἄσημος.
1604 216 1712 285 <7>
1749 212 1878 268 καθ’

209 305 436 359 ἕκαστον
476 303 524 357 δ’
566 305 667 358 οὐκ
707 304 884 373 ὀλίγοι
922 313 1033 357 τῶν
1069 308 1319 373 ζηλωτῶν
1350 305 1755 374 ἠκολούθησαν,
1793 302 1885 357 καὶ

207 396 641 462 καταλαβόμενοι
678 394 776 447 τὸν
816 392 1083 463 ἐνδοτέρω
1123 401 1224 446 τοῦ
1254 394 1361 446 νεὼ
1392 395 1708 463 περίβολον,
1746 389 1885 461 ὑπὲρ

207 483 303 545 τὰς
343 482 490 551 ἱερὰς
527 482 703 545 πύλας
744 480 831 535 ἐπὶ
868 490 980 535 τῶν
1021 481 1193 550 ἁγίων
1233 482 1496 550 μετώπων
1534 484 1783 534 τίθενται
1820 481 1886 533 τὰ

208 571 363 623 ὅπλα.
440 570 546 638 <8>
594 571 818 638 πλήρεις
864 567 965 639 μὲν
1013 565 1115 623 οὗν
1167 569 1489 637 ἐπιτηδείων
1529 571 1681 631 ὄντες
1719 567 1886 638 ἐθάρ-
1931 589 1953 622 5

209 679 347 728 ρουν
395 656 511 730 (καὶ
557 658 661 726 γὰρ
708 657 957 727 ἀφθονία
1002 651 1114 710 τῶν
1156 657 1319 725 ἱερῶν
1357 657 1602 725 ἐγίγνετο
1641 657 1888 727 πραγμά-

206 767 318 801 των
365 756 479 810 τοῖς
525 766 585 814 γε
633 743 806 814 μηδὲν
852 743 1044 815 ἀσεβὲς
1081 743 1460 817 ἡγουμένοις),
1510 745 1788 813 ὀλιγότητι
1827 741 1889 797 δὲ

206 843 271 906 τῇ
303 837 439 889 κατὰ
472 843 613 904 σφᾶς
645 834 1022 904 ὀρρωδοῦντες
1051 834 1419 903 ἐγκαθήμενοι
1449 834 1516 887 τὰ
1547 834 1723 887 πολλὰ
1754 834 1890 886 κατὰ

208 926 393 995 χώραν
425 925 636 993 ἔμενον.
698 922 806 992 <9>
846 919 970 977 ὅδὲ
995 920 1253 991 Ἰωάννης
1293 921 1425 976 ὅσον
1465 921 1688 992 ἀνδρῶν
1725 921 1891 990 ὑπερ-

208 1022 318 1082 εῖχε
372 1014 599 1081 πλήθει,
654 1018 921 1065 τοσοῦτον
971 1010 1210 1064 ἐλείπετο
1258 1017 1332 1083 τῷ
1379 1012 1560 1082 τόπῳ,
1613 1008 1705 1063 καὶ
1753 1011 1890 1063 κατὰ
1915 1032 1959 1064 10

207 1101 463 1170 κορυφὴν
519 1102 658 1170 ἔχων
712 1101 843 1162 τοὺς
894 1102 1192 1167 πολεμίους
1245 1096 1361 1152 οὔτ’
1423 1097 1602 1162 ἀδεεῖς
1656 1098 1890 1152 ἐποιεῖτο

207 1191 302 1253 τὰς
339 1189 651 1258 προσβολὰς
691 1189 817 1242 οὔτε
858 1185 929 1240 δι’
976 1187 1149 1258 ὀργὴν
1188 1186 1395 1258 ἠρέμει,
1443 1188 1588 1256 <10>
1626 1188 1891 1256 κακούμε-

205 1298 303 1341 νος
342 1275 403 1330 δὲ
441 1275 610 1331 πλέον
648 1278 786 1347 ἤπερ
828 1274 1096 1339 διατιθεὶς
1130 1279 1258 1338 τοὺς
1289 1274 1414 1346 περὶ
1446 1278 1543 1330 τὸν
1570 1274 1893 1345 Ἐλεάζαρον

207 1367 353 1436 ὅμως
399 1366 501 1420 οὐκ
548 1366 716 1419 ἀνίει·
773 1373 1021 1435 συνεχεῖς
1069 1363 1118 1417 δ’
1166 1363 1430 1435 ἐκδρομαὶ
1474 1363 1590 1418 κατ’
1637 1363 1892 1432 ἀλλήλων

205 1453 295 1508 καὶ
350 1458 529 1524 βελῶν
584 1451 804 1523 ἀφέσεις
859 1452 1172 1521 ἐγίγνοντο,
1226 1451 1318 1506 καὶ
1366 1455 1564 1523 φόνοις
1619 1451 1892 1521 ἐμιαίνετο
1918 1474 1960 1506 15

205 1551 487 1613 πανταχοῦ
526 1544 588 1597 τὸ
630 1544 795 1612 ἱερόν.

319 1632 464 1701 <11>
513 1632 541 1686 ὁ
584 1628 644 1684 δὲ
683 1639 783 1685 τοῦ
824 1632 1011 1702 Γιώρα
1050 1634 1273 1700 Σίμων,
1322 1630 1388 1684 ὃν
1427 1630 1487 1684 ἐν
1533 1640 1650 1693 ταῖς
1689 1630 1894 1700 ἀμηχα-

207 1723 353 1784 νίαις
392 1719 686 1788 ἐπίκλητον
727 1717 901 1792 ἑαυτῷ
942 1720 1222 1790 τύραννον
1262 1719 1291 1774 ὁ
1333 1720 1505 1789 δῆμος
1543 1718 1726 1772 ἐλπίδι
1764 1723 1895 1788 βοη-

207 1813 366 1872 θείας
412 1810 812 1879 προσηγάγετο,
857 1810 960 1877 τήν
1005 1804 1051 1861 τ’
1105 1810 1219 1862 ἄνω
1266 1811 1431 1862 πόλιν
1479 1810 1619 1878 ἔχων
1663 1806 1754 1860 καὶ
1799 1815 1896 1876 τῆς

207 1899 353 1951 κάτω
393 1900 536 1951 πολὺ
577 1896 767 1967 μέρος,
815 1895 1289 1968 ἐρρωμενέστερον
1334 1899 1439 1966 ἤδη
1479 1907 1594 1959 τοῖς
1630 1894 1757 1967 περὶ
1795 1897 1893 1949 τὸν
1918 1914 1961 1946 20

202 1984 469 2055 Ἰωάννην
519 1985 894 2055 προσέβαλλεν
946 1986 1019 2048 ὡς
1068 1985 1137 2039 ἂν
1185 1983 1276 2038 καὶ
1322 1986 1684 2053 καθύπερθεν
1733 1988 1895 2037 πολε-

208 2073 516 2144 μουμένοις.
594 2070 666 2143 ἧν
714 2073 763 2127 δ’
808 2074 917 2128 ὑπὸ
964 2083 1119 2144 χεῖρα
1157 2075 1406 2145 προσιὼν
1453 2074 1664 2141 αὐτοῖς,
1713 2074 1893 2138 ὥσπερ

208 2162 410 2216 ἐκεῖνοι
456 2172 572 2226 τοῖς
617 2165 856 2216 ἄνωθεν.
932 2163 1077 2232 <12>
1123 2161 1214 2216 καὶ
1264 2170 1338 2235 τῷ
1386 2161 1615 2233 Ἰωάννῃ
1665 2163 1897 2232 διχόθεν

205 2249 596 2323 πολεμουμένῳ
649 2249 940 2320 συνέβαινε
991 2252 1340 2320 βλάπτεσθαί
1385 2270 1442 2303 τε
1492 2249 1585 2304 καὶ
1633 2251 1897 2320 βλάπτειν

206 2341 462 2408 εὐκόλως,
502 2338 592 2393 καὶ
630 2338 759 2393 καθ’
806 2340 941 2393 ὅσον
979 2340 1175 2408 ἡττᾶτο
1214 2350 1326 2394 τῶν
1357 2338 1497 2410 ἀμφὶ
1528 2342 1626 2393 τὸν
1654 2337 1896 2402 Ἐλεάζα-
1921 2357 1965 2391 25

208 2448 311 2498 ρον
351 2429 430 2481 ὢν
468 2430 867 2498 ταπεινότερος,
906 2437 1177 2483 τοσοῦτον
1210 2427 1552 2482 ἐπλεονέκτει
1584 2434 1659 2499 τςό
1699 2428 1894 2498 ὑψηλῷ

206 2524 307 2570 τοῦ
346 2518 616 2585 Σίμωνος.
693 2517 838 2586 <13>
876 2517 1019 2587 παρὸ
1059 2515 1150 2570 καὶ
1189 2515 1332 2586 χειρὶ
1370 2513 1472 2586 μὲν
1510 2517 1604 2579 τὰς
1642 2516 1898 2569 κάτωθεν

207 2605 520 2674 προσβολὰς
565 2604 816 2674 εὐμαρῶς
866 2601 1037 2674 εἶργε,
1088 2608 1218 2668 τοὺς
1267 2603 1317 2658 δ’
1364 2606 1589 2659 ἄνωθεν
1640 2603 1746 2658 ἀπὸ
1798 2611 1897 2657 τοῦ
1956 2625 1959 2627 ’

209 2694 362 2763 ἱεροῦ
401 2696 887 2757 κατακοντίζοντας
926 2693 1215 2747 ἀνέστελλε
1256 2703 1374 2757 τοῖς
1420 2693 1691 2764 ὀργάνοις.
1752 2693 1898 2762 <14>

209 2779 484 2850 ὀξυβελεῖς
529 2801 585 2834 τε
635 2782 740 2853 γὰρ
787 2781 934 2853 αὐτῷ
982 2781 1074 2835 καὶ
1120 2781 1446 2836 καταπέλται
1492 2789 1746 2852 παρῆσαν
1794 2782 1899 2834 οὐκ·
1921 2802 1967 2833 30

207 2869 388 2937 ὀλίγοι
425 2868 517 2922 καὶ
564 2873 882 2941 λιθοβόλοι,
931 2869 1001 2924 δι’
1049 2867 1127 2925 ὧν
1167 2871 1234 2925 οὐ
1273 2874 1448 2941 μόνον
1486 2872 1727 2941 ἠμύνετο
1767 2873 1897 2932 τοὺς
