2032 3128
203 91 313 142 240
492 92 650 134 ΚΑΤΑ
679 91 956 134 ΑΠΙΩΝΟΣ
1023 92 1235 134 ΛΟΓΟΣ
1268 92 1587 133 ΠΡΟΤΕΡΟΣ

204 229 374 294 χόθεν
413 221 571 293 ἦσαν,
619 225 836 287 πάντως
879 221 1024 287 τινὲς
1068 225 1319 295 ὑπῆρχον
1357 224 1546 287 αὐτοῖς
1591 226 1753 292 νόμοι
1793 226 1886 278 διὰ

203 320 412 382 μακρᾶς
455 314 758 382 συνηθείας
802 311 1230 381 πεφυλαγμένοι.
1305 312 1500 381 <318>
1540 313 1591 365 εί
1634 309 1734 381 μὲν
1784 308 1886 365 οὖν

203 398 327 466 περὶ
366 409 477 453 τῶν
518 398 890 463 ἐξελασάντων
929 400 1130 463 αὐτοὺς
1169 401 1392 469 ὤμοσαν
1431 397 1693 469 μηδέποτ’
1730 400 1886 454 εὐνο-

202 492 377 558 ήσειν,
431 490 602 556 λόγον
639 485 784 558 εἶχεν
830 490 1035 541 εἰκότα·
1090 496 1223 542 πᾶσι
1272 486 1332 541 δὲ
1378 490 1620 556 πόλεμον
1666 487 1887 558 ἀνθρώ-

201 597 324 640 ποις
372 576 681 646 ἀκήρυκτον
726 578 971 646 ἄρασθαι
1017 577 1270 643 τούτους,
1317 581 1467 646 εἴπερ
1509 579 1773 644 ἔπραττον
1813 576 1887 639 ὡς

202 665 366 727 αὐτὸς
405 663 549 733 λέγει
587 674 789 733 κακῶς,
828 666 974 734 παρὰ
1010 665 1234 718 πάντων
1273 667 1536 734 βοηθείας
1575 663 1887 734 δεομένους,

202 755 398 807 ἄνοιαν
437 754 538 807 οὐκ
577 753 804 807 ἐκείνων
845 753 983 807 ἀλλὰ
1030 762 1130 808 τοῦ
1175 752 1525 822 ψευδομένου
1571 752 1717 805 πάνυ
1755 756 1887 805 πολ-

202 844 305 911 λὴν
343 846 695 911 παρίστησιν,
738 842 798 905 ὅς
847 862 907 910 γε
954 840 1046 895 καὶ
1084 843 1329 911 τοῦνομα
1367 840 1576 895 θέσθαι
1621 848 1686 910 τῇ
1730 843 1887 893 πόλει

202 929 307 983 ἀπὸ
358 938 453 999 τῆς
508 933 817 1001 ἱεροσυλίας
872 932 1074 994 αὐτοὺς
1128 931 1426 1000 ἐτόλμησεν
1477 932 1671 997 εἰπεῖν,
1724 937 1886 982 τοῦτο

203 1015 264 1071 δὲ
315 1019 447 1087 μετὰ
492 1026 662 1071 ταῦτα
715 1018 1075 1088 παρατρέψαι.
1166 1018 1362 1086 <319>
1418 1019 1590 1086 δῆλον
1644 1018 1748 1086 γὰρ
1804 1017 1888 1070 ὅτι

200 1116 316 1169 τοῖς
370 1104 470 1175 μὲν
519 1107 754 1175 ὕστερον
808 1105 1128 1175 γενομένοις
1181 1108 1452 1176 αἰσχύνην
1501 1107 1744 1175 τοῦνομα
1797 1104 1889 1159 καὶ

201 1204 360 1264 μῖσος
399 1197 610 1264 ἔφερεν,
657 1193 815 1249 αὐτοὶ
857 1193 909 1247 δ’
942 1196 1000 1249 οἱ
1033 1198 1304 1259 κτίζοντες
1345 1197 1446 1263 τὴν
1484 1197 1648 1248 πόλιν
1687 1196 1889 1263 κοσμή-

202 1298 321 1337 σειν
367 1284 568 1347 αὑτοὺς
613 1283 1004 1352 ὑπελάμβανον
1057 1284 1230 1346 οὕτως
1280 1283 1662 1352 ὀνομάσαντες.
1748 1282 1776 1336 ὁ
1829 1279 1891 1336 δὲ

201 1381 454 1440 γενναῖος
500 1373 607 1426 ὑπὸ
655 1377 861 1442 πολλῆς
907 1380 1002 1441 τῆς
1048 1381 1147 1426 τοῦ
1195 1373 1475 1442 λοιδορεῖν
1514 1371 1777 1441 ἀκρασίας
1824 1370 1891 1425 οὐ

202 1468 440 1530 συνῆκεν
496 1461 578 1513 ὅτι
635 1461 942 1531 ίεροσυλεϊν
997 1460 1065 1515 οὐ
1124 1462 1260 1514 κατὰ
1313 1462 1415 1529 τὴν
1470 1460 1642 1528 αὐτὴν
1695 1461 1890 1530 φωνὴν

196 1546 456 1603 Ἰουδαῖοι
512 1559 627 1612 τοῖς
674 1548 941 1619 ’Ἑλλησιν
1000 1550 1351 1619 ὀνομάζομεν.
1451 1549 1647 1617 <32Ο>
1707 1552 1765 1602 τί
1820 1547 1890 1602 ἂν

202 1634 305 1691 οὖν
345 1640 423 1691 ε”τι
469 1641 639 1691 πλείω
687 1658 769 1701 τις
815 1637 966 1707 λέγοι
1012 1640 1148 1707 πρὸς
1189 1640 1286 1692 τὸν
1325 1639 1674 1708 ψευδόμενον
1714 1637 1889 1700 οὕτως

202 1726 597 1796 ἄναισχύντωςς

313 1813 430 1869 ἀλλ’
472 1816 658 1884 ἐπειδὴ
707 1816 1019 1885 σύμμετρον
1058 1818 1164 1885 ἤδη
1208 1818 1270 1870 τὸ
1310 1818 1531 1885 βιβλίον
1569 1819 1760 1884 εἴληφε
1799 1814 1890 1884 μέ-

198 1909 395 1973 γεθος,
451 1902 641 1972 ἑτέραν
688 1904 1053 1973 ποιησάμενος
1107 1904 1282 1974 ἀρχὴν
1327 1905 1393 1956 τὰ
1445 1905 1609 1958 λοιπὰ
1655 1913 1766 1957 τῶν
1814 1906 1892 1966 είς

201 1994 262 2045 τὸ
302 1995 664 2062 προκείμενον
702 1993 1030 2063 πειράσομαι
1069 1995 1537 2063 προσαποδοῦναι.

1913 1044 1955 1074 10

1915 1484 1957 1516 15

1916 1928 1958 1958 20
