2032 3128
145 450 170 486 3

207 119 312 172 190
811 123 970 163 ΚΑΤΑ
999 123 1277 165 ΑΠΙΩΝΟΣ

202 256 467 322 ’Έλλησιν
514 249 656 307 εἶναι
704 256 856 308 δοκεῖ
908 256 1133 309 πάντων
1181 255 1535 326 ἀρχαιότατα,
1587 254 1677 309 καὶ
1730 260 1885 326 μόλις

203 342 340 398 αὐτὰ
378 344 734 396 πιστεύουσιν
772 342 864 396 ὑπ’
896 343 1122 396 ἐκείνων
1162 345 1492 413 γεγράφθαι.

315 432 461 500 <15>
501 441 615 493 πῶς
654 427 757 484 οὖν
796 432 901 484 οὐκ
938 434 1086 485 ἔστιν
1126 433 1331 500 ἄλογον
1368 438 1719 502 τετυφῶσθαι
1757 436 1885 495 τοὺς

202 521 475 589 ’Έλληνας
527 520 600 581 ὡς
653 521 860 588 μόνους
914 519 1306 589 ἐπισταμένους
1358 520 1587 590 τάρχαῖα
1640 519 1731 573 καὶ
1785 522 1885 589 τὴν

202 609 475 678 ἀλήθειαν
513 606 637 676 περὶ
677 607 859 661 αὐτῶν
891 607 1129 677 ἀκριβῶς
1166 610 1598 675 παραδιδόντας;
1637 608 1671 676 ἢ
1706 612 1786 671 τίς
1817 609 1885 662 οὐ

198 695 328 767 παρ’
378 698 563 750 αὐτῶν
612 696 683 749 ἂν
731 705 843 749 τῶν
898 694 1263 766 συγγραφέων
1317 697 1489 764 μάθοι
1544 697 1749 766 ῥαδίως
1801 696 1884 749 ὅτι

199 784 373 856 μηδὲν
419 789 655 855 βεβαίως
701 787 906 861 εἰδότες
952 784 1321 854 συνέγραφον,
1378 782 1500 837 ἀλλ’
1541 785 1613 846 ὡς
1667 784 1884 838 ἕκαστοι

197 874 324 945 περὶ
362 885 471 928 τῶν
510 874 844 943 πραγμάτων
876 875 1114 937 εἴκαζον;
1158 874 1220 925 τὸ
1260 871 1430 926 πλέον
1470 879 1611 940 γοῦν
1643 873 1735 925 διὰ
1773 882 1884 925 τῶν

197 967 431 1034 βιβλίων
479 962 750 1030 ἀλλήλους
799 961 1108 1030 ἐλέγχουσι,
1162 959 1254 1014 καὶ
1301 961 1707 1014 τάναντιώτατα
1758 959 1882 1029 περὶ

196 1062 307 1106 τῶν
342 1052 525 1105 αὐτῶν
557 1051 739 1119 λέγειν
772 1050 873 1103 οὐκ
913 1050 1155 1103 ὀκνοῦσι.
1223 1050 1366 1118 <16>
1404 1053 1691 1120 περίεργος
1731 1048 1778 1102 δ’
1811 1049 1879 1102 ἂν

197 1147 318 1210 εἴην
365 1141 470 1209 ἐγὼ
525 1143 654 1202 τοὺς
707 1139 842 1208 ἐμοῦ
895 1143 1106 1208 μᾶλλον
1157 1137 1550 1207 ἐπισταμένους
1604 1138 1881 1191 διδάσκων

198 1230 300 1283 ὅσα
338 1227 439 1298 μὲν
470 1228 786 1290 Ἑλλάνικος
824 1223 1160 1300 Ἀκουσιλάῳ
1199 1226 1324 1297 περὶ
1362 1236 1474 1280 τῶν
1514 1230 1882 1295 γενεαλογιῶν

198 1320 633 1387 διαπεφώνηκεν,
673 1316 775 1368 ὅσα
809 1313 870 1368 δὲ
903 1317 1232 1386 διορθοῦται
1261 1317 1359 1368 τὸν
1389 1312 1658 1368 “Ησίοδον
1690 1313 1881 1368 Ἀκου-

197 1411 401 1474 σίλαος,
439 1405 472 1474 ἢ
512 1409 633 1459 τίνα
671 1407 878 1475 τρόπον
910 1402 1150 1474 ’Έφορος
1189 1400 1290 1472 μὲν
1321 1402 1643 1456 Ἑλλάνικον
1677 1403 1736 1456 ἐν
1766 1413 1882 1466 τοῖς

195 1498 472 1557 πλείστοις
494 1495 843 1562 ψευδόμενον
868 1492 1262 1561 ἐπιδείκνυσιν,
1285 1491 1525 1562 Ἔφορον
1551 1489 1613 1544 δὲ
1638 1495 1881 1560 Τίμαιος,

194 1583 284 1637 καὶ
331 1587 562 1652 Τίμαιον
602 1582 661 1635 οἱ
705 1579 818 1651 μετ’
860 1581 1073 1635 ἐκεῖνον
1119 1583 1430 1650 γεγονότες,
1472 1578 1780 1650 Ἡρόδοτον
1820 1578 1880 1632 δὲ

193 1674 405 1735 πάντες.
466 1671 612 1740 <17>
653 1666 772 1724 ἀλλ’
805 1667 937 1724 οὐδὲ
974 1668 1099 1740 περὶ
1131 1679 1241 1723 τῶν
1266 1674 1575 1723 Σικελικῶν
1605 1677 1719 1732 τοῖς
1755 1667 1880 1738 περὶ

187 1759 471 1831 Ἀντίοχον
509 1758 600 1814 καὶ
638 1763 901 1812 Φίλιστον
940 1758 973 1827 ἢ
1007 1762 1258 1812 Καλλίαν
1291 1762 1516 1827 Τίμαιος
1556 1766 1880 1826 συμφωνεῖν

193 1850 442 1918 ἠξίωσεν,
491 1846 613 1902 οὐδ’
654 1845 724 1902 αὖ
770 1847 896 1919 περὶ
943 1857 1052 1901 τῶν
1091 1846 1351 1900 Ἀττικῶν
1391 1848 1448 1900 οἱ
1489 1848 1585 1909 τὰς
1623 1843 1881 1909 Ἀτθίδας

194 1940 637 2009 συγγεγραφότες
667 1937 700 2007 ἢ
732 1936 858 2004 περὶ
895 1946 1007 1990 τῶν
1041 1934 1375 2006 Ἀργολικῶν
1408 1937 1466 1989 οί
1498 1937 1564 1988 τὰ
1602 1933 1727 2005 περὶ
1752 1934 1879 2006 ’Ἀρ-

193 2048 288 2096 γος
329 2029 676 2096 ἱστοροῦντες
713 2026 972 2095 ἀλλήλοις
1008 2026 1538 2094 κατηκολουθήκασι.
1607 2024 1753 2093 <18>
1788 2023 1879 2077 καὶ

192 2119 251 2168 τί
286 2116 370 2168 δεῖ
417 2114 597 2183 λέγειν
637 2113 761 2185 περὶ
807 2124 919 2168 τῶν
957 2114 1092 2167 κατὰ
1137 2117 1323 2176 πόλεις
1368 2111 1459 2166 καὶ
1505 2112 1880 2183 βραχυτέρων,

193 2204 333 2257 ὅπου
374 2223 436 2272 γε
474 2202 600 2273 περὶ
631 2211 726 2272 τῆς
758 2207 1035 2274 Περσικῆς
1067 2205 1349 2272 στρατείας
1386 2200 1478 2255 καὶ
1508 2211 1619 2255 τῶν
1651 2201 1711 2255 ἐν
1742 2202 1878 2272 αὐτῇ

191 2292 556 2362 πραχθέντων
607 2294 665 2346 οἱ
715 2293 1078 2361 δοκιμώτατοι
1132 2292 1639 2360 διαπεφωνήκασιν;
1702 2291 1878 2343 πολλὰ

193 2379 254 2435 δὲ
292 2380 384 2434 καὶ
417 2381 764 2449 Θουκυδίδης
802 2381 874 2443 ὡς
912 2381 1255 2449 ψευδόμενος
1292 2379 1402 2432 ὑπό
1441 2398 1610 2432 τινων
1648 2398 1876 2447 κατηγο-

192 2481 384 2542 ρεῖται,
422 2472 600 2523 καίτοι
640 2470 822 2523 δοκῶν
854 2467 1214 2539 ἀκριβέστατα
1243 2469 1345 2537 τὴν
1376 2466 1502 2521 καθ’
1529 2468 1699 2521 αὑτὸν
1732 2468 1874 2521 ἱστο-

191 2562 318 2628 ρίαν
358 2558 714 2628 συγγράφειν.

301 2647 445 2715 <19>
477 2648 645 2699 αἰτίαι
677 2643 737 2699 δὲ
769 2653 863 2715 τῆς
894 2647 1161 2716 τοσαύτης
1192 2648 1500 2715 διαφωνίας
1533 2644 1732 2699 πολλαὶ
1773 2643 1873 2715 μὲν

190 2740 321 2798 ἴσως
352 2734 422 2788 ἂν
454 2734 544 2788 καὶ
577 2735 754 2805 ἕτεραι
781 2743 896 2798 τοῖς
926 2734 1288 2805 βουλομένοις
1320 2738 1496 2804 ζητεῖν
1520 2733 1873 2804 ἀναφανεῖεν,

1905 1073 1950 1104 10

1907 1515 1947 1547 15

1904 1959 1946 1991 20

1902 2402 1942 2434 25

190 2823 295 2892 ἐγὼ
344 2821 405 2876 δὲ
452 2821 580 2877 δυσὶ
626 2833 744 2887 ταῖς
789 2823 1224 2892 λεχθησομέναις
1268 2824 1369 2892 τὴν
1408 2825 1670 2892 μεγίστην
1710 2825 1871 2892 ἰσχὺν
1895 2844 1939 2876 30

190 2910 504 2982 ἀνατίθημι.
578 2910 671 2965 καὶ
710 2910 996 2983 ’προτέραν
1044 2912 1150 2983 ἐρῶ
1195 2913 1297 2981 τὴν
1343 2911 1683 2982 κυριωτέραν
1730 2907 1889 2964 εἶναι’-
