2032 3128
691 86 901 128 ΑοΓοΣ
932 85 1219 128 ΕΒΔοΜοΣ
1690 79 1796 131 153

118 220 358 288 λούμενοι
407 221 663 287 δαιμόνια
719 217 913 290 (ταῦτα
963 215 1023 271 δὲ
1076 226 1337 286 πονηρῶν
1384 215 1531 270 ε’στιν
1578 214 1798 284 ἀνθρώ-

115 325 237 359 πων
275 305 580 378 πνεύματα)
629 316 743 369 τοῖς
791 311 952 372 ζῶσιν
992 307 1340 375 εἰσδυόμενα,
1385 303 1476 358 καὶ
1515 306 1799 357 κτείνοντα

117 394 246 452 τοὺς
276 397 539 458 βοηθείας
570 395 642 463 μὴ
675 395 1063 464 τυγχάνοντας,
1103 394 1239 462 αὕτη
1271 391 1474 463 ταχέως
1506 390 1801 458 ἐξελαύνει,

116 477 219 530 κᾶν
250 483 598 547 προσενεχθῇ
639 484 813 546 μόνον
844 492 959 540 τοῖς
998 488 1256 535 νοσοῦσι·
1296 482 1474 544 <186>
1513 478 1704 545 ῥέουσι
1740 475 1801 530 δὲ

73 586 94 619 5
117 564 208 618 καὶ
249 571 472 634 θερμῶν
511 565 731 618 ὑδάτων
770 564 939 633 πηγαὶ
979 566 1114 618 κατὰ
1152 566 1250 617 τὸν
1289 566 1481 630 τόπον,
1518 565 1661 616 πολὺ
1700 568 1802 631 τὴν

117 662 308 722 γεῦσιν
348 653 601 721 ἀλλήλων
643 652 1028 722 διαφέρουσαν
1084 650 1272 721 πικραὶ
1319 648 1420 720 μὲν
1468 651 1572 719 γὰρ
1619 651 1802 704 αὐτῶν

115 761 261 804 τινες
321 743 487 808 εἰσίν,
553 745 615 793 αἳ
677 739 738 792 δὲ
799 742 1135 808 γλυκύτητος
1199 736 1366 792 οὐδὲν
1428 739 1801 792 ἀπολείπουσι.

115 830 297 895 <187>
350 826 548 881 πολλαὶ
597 825 657 880 δὲ
710 826 800 880 καὶ
855 838 1085 896 ψυχρῶν
1130 828 1352 880 ὑδάτων
1399 827 1688 889 ἀναδόσεις
1735 828 1803 880 οὐ

115 919 289 984 μόνον
338 915 398 968 ἐν
445 923 520 987 τῷ
577 915 988 989 χθαμαλωτέρῳ
1044 917 1138 978 τὰς
1190 917 1366 984 πηγὰς
1419 919 1805 984 παραλλήλους

48 1025 93 1057 10
115 1007 356 1074 ἔχουσιν,
397 1004 580 1073 <188>
619 1002 737 1057 ἀλλ’
770 1005 843 1067 ὡς
880 1003 950 1057 ἂν
981 1002 1073 1057 καὶ
1113 1007 1324 1072 μᾶλλόν
1355 1024 1436 1066 τις
1473 1004 1802 1072 θαυμάσειε·

116 1094 385 1160 σπήλαιον
440 1091 545 1160 γάρ
599 1113 651 1145 τι
706 1095 942 1161 πλησίον
998 1093 1191 1163 ὁρᾶται
1248 1094 1525 1161 κοιλότητι
1580 1089 1680 1160 μὲν
1734 1093 1803 1146 οὐ

113 1181 285 1249 βαθύ,
317 1188 380 1250 τῇ
413 1179 583 1252 πέτρα
616 1178 677 1233 δὲ
707 1182 1027 1252 προυχούσῃ
1062 1183 1427 1249 σκεπόμενον·
1460 1180 1642 1248 <189>
1675 1182 1803 1234 ταύ-

114 1289 210 1336 της
256 1270 481 1322 ἄνωθεν
529 1267 729 1323 ὡσανεὶ
785 1268 982 1338 μαστοὶ
1029 1271 1131 1323 δύο
1180 1268 1493 1338 ἀνέχουσιν,
1547 1268 1804 1338 ἀλλήλων

114 1358 282 1431 ὀλίγῳ
331 1358 643 1425 διεστῶτες,
689 1356 780 1410 καὶ
826 1358 1179 1427 ψυχροτάτην
1225 1354 1328 1426 μὲν
1366 1358 1559 1427 ἅτερος
1603 1361 1803 1427 πηγήν,

47 1466 90 1498 15
114 1447 305 1514 ἅτερος
352 1443 413 1498 δὲ
459 1446 807 1516 θερμοτάτην
850 1436 1162 1514 ἐκδίδωσιν,
1210 1449 1270 1499 αἳ
1313 1448 1638 1515 μισγόμεναι
1683 1464 1804 1499 ποι-

114 1543 239 1588 οῦσι
280 1535 518 1604 λουτρὸν
557 1524 794 1602 ἥδιστονκ
823 1535 1094 1587 παιώνιόν
1133 1554 1190 1587 τε
1230 1534 1578 1603 νοσημάτων,
1616 1539 1802 1607 πολλῷ

115 1619 176 1675 δὲ
216 1622 449 1690 μάλιστα
487 1622 706 1690 νεύρων
737 1622 940 1674 ἄκεσιν.
1005 1625 1114 1692 ἔχει
1156 1619 1205 1675 δ’
1240 1622 1267 1675 ὁ
1308 1625 1472 1684 τόπος
1510 1621 1601 1674 καὶ
1639 1626 1802 1676 θείου

112 1709 202 1764 καὶ
243 1713 573 1778 στυπτηρίας
611 1708 861 1779 μέταλλα.

224 1798 405 1867 <190>
436 1799 654 1861 Βάσσος
687 1796 749 1851 δὲ
779 1799 957 1870 πάντῃ
996 1799 1461 1868 περισκεψάμενος
1499 1801 1560 1853 τὸ
1600 1798 1810 1871 χωρίον’

7 1909 90 1941 -20
115 1890 255 1956 ἔγνω
310 1894 594 1941 ποιεῖσθαι
644 1889 746 1956 τὴν
792 1889 1092 1957 πρόσοδον,
1139 1890 1356 1958 χωννὺς
1401 1889 1501 1956 τὴν
1547 1889 1805 1959 φάραγγα

112 1978 215 2045 τὴν
245 1978 384 2046 πρὸς
417 1985 536 2039 ταῖς
567 1975 878 2044 ἀνατολαῖς,
917 1975 1009 2030 καὶ
1047 1986 1158 2030 τῶν
1192 1979 1371 2047 ἔργων
1402 1982 1595 2047 εἴχετο,
1635 1991 1805 2031 σπου-

114 2065 220 2132 δὴν
269 2066 601 2134 ποιούμενος
646 2060 680 2136 ᾗ
729 2067 891 2136 τάχος
944 2065 1130 2134 ἐξᾶραι
1184 2066 1251 2118 τὰ
1305 2067 1527 2136 χώματα
1580 2064 1672 2119 καὶ
1726 2062 1799 2119 δι’

113 2153 296 2205 αὐτῶν
344 2153 545 2224 ῥᾳδίαν
591 2162 818 2223 ποιῆσαι
866 2155 966 2222 τὴν
1007 2157 1348 2224 πολιορκίαν.
1424 2155 1607 2223 <191>
1647 2155 1706 2207 οἱ
1749 2150 1799 2207 δ’

113 2243 280 2295 ἔνδον
312 2241 706 2312 ἀπειλημμένοι
738 2252 849 2296 τῶν
878 2241 1190 2312 Ἰουδαίων,
1230 2241 1388 2296 αὐτοὶ
1423 2240 1553 2295 καθ’
1577 2241 1806 2306 ἑαυτοὺς

46 2352 89 2384 25
114 2329 220 2383 ἀπὸ
259 2339 370 2382 τῶν
403 2328 576 2393 ξένων
610 2328 1008 2399 διακριθέντες,
1049 2330 1294 2394 ἐκείνους
1332 2329 1434 2400 μὲν
1465 2331 1804 2400 ἠνάγκασαν,

113 2420 281 2489 ὄχλον
311 2419 491 2481 ἄλλως
522 2414 666 2471 εἶναι
697 2422 1028 2488 νομίζοντες,
1068 2418 1130 2473 ἐν
1159 2427 1223 2490 τῇ
1264 2420 1409 2473 κάτω
1442 2423 1597 2474 πόλει
1633 2438 1805 2490 παρα-

113 2505 300 2575 μένειν
345 2506 436 2559 καὶ
482 2510 612 2570 τοὺς
656 2509 956 2570 κινδύνους
1001 2508 1460 2578 προεκδέχεσθαι,
1514 2508 1696 2576 <192>
1742 2509 1804 2561 τὸ

113 2591 166 2648 δ’
202 2596 315 2648 ἄνω
372 2597 649 2666 φρούριον
697 2595 853 2649 αὐτοὶ
907 2600 1310 2667 καταλαβόντες
1361 2594 1513 2667 εἶχον
1567 2594 1658 2649 καὶ
1713 2597 1805 2649 διὰ

113 2684 214 2751 τὴν
254 2685 415 2753 ἰσχὺν
453 2691 548 2751 τῆς
593 2683 929 2755 ὀχυρότητος
974 2683 1065 2737 καὶ
1110 2687 1348 2757 προνοίᾳ
1393 2693 1490 2753 τῆς
1537 2688 1807 2754 σωτηρίας

45 2795 90 2826 30
114 2761 320 2825 αὑτῶν·
376 2772 668 2836 τεύξεσθαι
723 2773 827 2841 γὰρ
884 2772 1129 2843 ἀφέσεως
1183 2774 1596 2843 ὑπελάμβανον,
1650 2776 1702 2826 εί
1745 2775 1806 2827 τὸ

111 2863 319 2931 χωρίον
351 2858 634 2930 Ῥωμαίοις
681 2860 1058 2930 ἐγχειρίσειαν.
1134 2861 1318 2930 <193>
1364 2865 1526 2933 πείρα
1567 2859 1630 2915 δὲ
1673 2866 1806 2931 πρό-
