2032 3128
253 97 360 149 286
859 99 1019 140 ΚΑΤΑ
1048 99 1325 142 ΑΠΙῼΝΟΣ

253 232 316 284 τὰ
355 230 481 300 παρ’
511 231 697 293 αὑτοῖς
736 236 947 285 οἴονται
988 233 1106 285 δεῖν
1137 231 1526 301 περιστέλλειν,
1565 230 1656 285 καὶ
1694 234 1792 286 τὸν
1821 233 1930 286 ὑπὸ

251 329 361 372 τῶν
386 317 662 386 Ἑλλήνων
692 317 778 372 ἐπὶ
811 323 979 390 σοφίᾳ
1009 318 1429 389 θαυμασθέντα,
1459 323 1557 374 τὸν
1583 315 1930 391 Ἀνάχαρσιν,

251 407 626 460 ἐπανελθόντα
673 409 809 477 πρὸς
847 408 1049 471 αὐτοὺς
1087 407 1328 476 ἀνεῖλον,
1377 406 1491 462 ἐπεὶ
1536 417 1646 461 τῶν
1686 407 1930 476 Ἑλληνι-

248 505 362 567 κῶν
411 495 560 547 ἐθῶν
608 495 796 559 ἔδοξεν
849 496 1004 564 ἥκειν
1059 495 1356 558 ἀνάπλεως.
1431 500 1671 559 πολλοὺς
1726 493 1787 549 δὲ
1839 495 1931 549 καὶ

183 563 393 652 ’κστῖκρά
433 582 675 651 Πέρσαις
712 585 782 636 ἄν
820 604 902 646 τις
939 584 1095 651 εὕροι
1137 582 1227 637 καὶ
1267 586 1358 637 διὰ
1397 586 1498 653 τὴν
1537 585 1710 654 αὐτὴν
1749 586 1929 638 αἰτίαν
1976 609 1998 641 5

246 671 694 740 κεκολασμένους.
774 673 955 741 <270>
1001 673 1141 726 ἀλλὰ
1189 674 1360 742 δῆλον
1407 674 1492 726 ὅτι
1537 682 1652 735 τοῖς
1691 676 1929 743 Περσῶν

248 763 427 830 ἔχαιρε
459 763 651 828 νόμοις
681 760 710 814 ὁ
737 758 1122 829 Ἀπολλώνιος,
1159 760 1447 822 κάκείνους
1479 759 1807 830 ἐθαύμαζεν,
1846 761 1929 813 ὅτι

244 858 340 917 τῆς
387 848 644 917 ἀνδρείας
690 849 872 902 αὐτῶν
921 847 1237 902 ἀπέλαυσαν
1287 850 1345 903 οἱ
1385 847 1650 918 ’Έλληνες
1698 847 1788 902 καὶ
1834 856 1930 917 τῆς

245 938 711 1006 ὁμογνωμοσύνης
756 934 822 1006 ἧς
867 934 1017 1006 εἶχον
1055 936 1181 1007 περὶ
1222 943 1393 1006 θεῶν,
1440 938 1640 1005 ταύτης
1685 934 1787 1006 μὲν
1825 933 1929 990 οὖν

245 1026 304 1079 ἐν
345 1036 458 1088 τοῖς
506 1027 672 1094 ἱεροῖς
719 1019 803 1089 οἷς
848 1025 1213 1095 κατέπρησαν,
1260 1034 1354 1094 τῆς
1398 1026 1657 1095 ἀνδρείας
1696 1023 1758 1078 δὲ
1799 1027 1927 1079 δου-
1955 1051 1997 1082 10
2031 1079 2032 1094 2

243 1119 434 1168 λεῦσαι
480 1116 627 1183 παρὰ
673 1117 871 1184 μικρὸν
918 1114 1191 1178 ἐλθόντες.
1267 1115 1527 1168 ἁπάντων
1575 1111 1636 1167 δὲ
1680 1112 1773 1167 καὶ
1817 1123 1927 1166 τῶν

243 1202 687 1272 ἐπιτηδευμάτων
720 1204 955 1272 μιμητὴς
995 1202 1210 1271 ἐγένετο
1246 1213 1358 1257 τῶν
1387 1207 1699 1271 Περσικῶν,
1737 1211 1927 1271 γυναῖ-

240 1313 337 1354 κας
383 1291 674 1361 ἀλλοτρίας
718 1292 959 1361 ὑβρίζων
997 1290 1089 1345 καὶ
1133 1294 1334 1354 παῖδας
1381 1291 1669 1361 ἐκτέμνων.
1745 1291 1925 1359 <271>

238 1379 363 1449 παρ’
403 1381 535 1449 ἡμῖν
583 1377 644 1433 δὲ
690 1376 934 1443 θάνατος
979 1381 1207 1451 ὥρισται
1256 1380 1360 1434 κάν
1406 1382 1612 1448 ἄλογόν
1658 1400 1740 1443 τις
1787 1383 1928 1451 ζῷον

239 1469 413 1531 οὕτως
452 1468 639 1538 ἀδικῇ·
684 1468 774 1521 καὶ
812 1470 1026 1522 τούτων
1065 1468 1207 1538 ἡμᾶς
1244 1476 1355 1522 τῶν
1394 1471 1585 1538 νόμων
1623 1468 1926 1537 ἀπαγαγεῖν
1952 1491 1994 1524 15

240 1558 365 1610 οὔτε
412 1559 587 1626 φόβος
633 1562 823 1626 ἴσχυσε
865 1565 977 1611 τῶν
1014 1558 1406 1627 κρατησάντων
1446 1559 1572 1611 οὔτε
1622 1560 1778 1626 ζῆλος
1815 1564 1926 1609 τῶν

235 1646 383 1715 παρὰ
429 1654 544 1708 τοῖς
591 1646 778 1708 ἄλλοις
823 1645 1211 1715 τετιμημένων.
1288 1646 1473 1716 <272>
1512 1643 1644 1699 οὐδὲ
1690 1647 1791 1714 τὴν
1831 1645 1926 1698 ἀν-
2008 1639 2011 1641 ’

238 1735 428 1802 δρείαν
481 1735 797 1804 ἠσκήσαμεν
852 1733 941 1788 ἐπὶ
994 1742 1069 1807 τςό
1127 1734 1403 1805 πολέμους
1456 1737 1701 1804 ἄρασθαι
1762 1735 1926 1805 χάριν

234 1822 578 1890 πλεονεξίας,
632 1820 752 1876 ἀλλ’
800 1822 888 1876 ἐπὶ
941 1831 1016 1896 τῷ
1071 1826 1202 1887 τοὺς
1254 1826 1463 1893 νόμους
1516 1823 1925 1892 διαφυλάττειν.

235 1912 330 1973 τὰς
375 1919 514 1979 γοῦν
554 1913 722 1974 ἄλλας
761 1911 1081 1975 ἐλαττώσεις
1126 1910 1315 1983 πρᾴως
1351 1910 1739 1981 ὑπομένοντες,
1783 1910 1924 1964 ἐπει·
1949 1934 1992 1965 20

236 2000 341 2052 δάν
372 2019 516 2062 τινες
555 2001 694 2069 ἡμᾶς
724 2002 790 2053 τὰ
825 2003 1032 2070 νόμιμα
1063 2011 1242 2055 κινεῖν
1273 2000 1634 2069 ἀναγκάζωσι,
1672 2002 1793 2053 τότε
1832 1998 1923 2052 καὶ

234 2089 380 2157 παρὰ
414 2089 654 2157 δύναμιν
687 2091 960 2159 αἰρόμεθα
990 2088 1264 2159 πολέμους
1302 2088 1392 2143 καὶ
1432 2089 1591 2159 μέχρι
1622 2099 1734 2142 τῶν
1767 2087 1922 2158 ἐσχά-

234 2197 344 2229 των
375 2187 494 2239 ταῖς
527 2189 839 2248 συμφοραῖς
870 2179 1319 2249 ἐγκαρτεροῦμεν.
1383 2178 1563 2247 (273)
1597 2178 1690 2230 διὰ
1728 2180 1786 2230 τί
1819 2177 1922 2244 γὰρ

234 2264 302 2317 ἂν
341 2264 432 2318 καὶ
474 2268 812 2336 ζηλώσαιμεν
843 2270 973 2330 τοὺς
1012 2266 1214 2338 ἑτέρων
1246 2270 1470 2336 νόμους,
1510 2267 1747 2335 ὁρῶντες
1784 2263 1924 2334 μηδὲ

231 2354 378 2422 παρὰ
432 2362 549 2416 τοῖς
601 2355 861 2423 θεμένοις
915 2356 1118 2418 αὐτοὺς
1168 2353 1593 2425 τετηρημένους;
1648 2365 1763 2418 πῶς
1815 2356 1919 2424 γὰρ
1946 2376 1988 2407 25

233 2442 333 2495 οὐκ
373 2444 603 2511 ἔμελλον
634 2445 1065 2512 Λακεδαιμόνιοι
1105 2440 1205 2512 μὲν
1236 2451 1333 2512 τῆς
1363 2442 1720 2512 ἀνεπιμίκτου
1761 2462 1920 2495 κατα-

232 2531 549 2597 γνώσεσθαι
588 2535 865 2595 πολιτείας
903 2531 993 2584 καὶ
1032 2539 1127 2600 τῆς
1160 2531 1286 2602 περὶ
1317 2534 1446 2595 τοὺς
1484 2532 1695 2600 γάμους
1727 2530 1922 2598 ὀλιγω-

233 2622 368 2686 ριάς,
404 2617 610 2672 Ἠλεῖοι
644 2617 705 2672 δὲ
743 2619 834 2673 καὶ
866 2623 1101 2689 Θηβαῖοι
1133 2628 1227 2690 τῆς
1265 2621 1412 2691 παρὰ
1444 2621 1617 2689 φύσιν
1655 2617 1747 2672 καὶ
1779 2621 1921 2687 ἄγαν

231 2707 437 2776 ἀνέδην
490 2710 627 2778 πρὸς
679 2711 810 2771 τοὺς
868 2710 1105 2779 ἄρρενας
1166 2708 1387 2779 μίξεως;
1452 2709 1636 2777 <274>
1691 2708 1724 2761 ἃ
1778 2715 1918 2776 γοῦν

229 2796 397 2848 πάλαι
435 2797 698 2850 κάλλιστα
736 2796 829 2850 καὶ
870 2800 1274 2867 συμφορώτατα
1311 2798 1571 2867 πράττειν
1607 2797 1918 2865 ὑπελάμβα-
1942 2816 1985 2848 3ο

231 2904 352 2953 νον,
389 2881 543 2938 ταῦτ’
574 2887 626 2938 εἰ
669 2884 759 2939 καὶ
807 2888 879 2955 μὴ
919 2887 1231 2940 παντάπασι
1270 2896 1386 2949 τοῖς
1425 2888 1608 2954 ἔργοις
1645 2887 1917 2955 πεφεύγα-
