2032 3128
196 103 303 155 316
750 104 852 145 ΕΙΣ
882 104 1320 146 ΜΑΚΚΑΒΑΙΟΤΣ

191 238 441 304 κείμενος
493 245 608 299 τοῖς
660 239 1066 306 παραβαίνουσι
1119 238 1220 304 τὴν
1275 236 1505 306 ἐντολὴν
1559 246 1659 291 τοῦ
1718 243 1872 292 θεοῦ.

193 325 663 393 καθοπλισώμεθα
723 332 1022 394 τοιγαροῦν
1076 325 1178 393 τὴν
1230 332 1330 378 τοῦ
1391 328 1553 384 θειόυ
1608 329 1874 394 λογισμοῦ

191 412 601 481 παθοκράτειαν
616 428 627 440 ·
659 412 843 481 <16Ο>
868 413 1011 466 οὕτω
1037 413 1142 480 γὰρ
1167 415 1446 476 θανόντας
1470 413 1609 482 ἡμᾶς
1634 411 1876 483 Ἀβραάμ

192 499 283 553 καὶ
322 499 504 554 Ἰσαὰκ
550 499 642 554 καὶ
688 499 880 569 Ἰακὼβ
925 500 1289 565 ὑποδέξονται
1335 503 1413 564 εἰς
1459 504 1587 564 τοὺς
1638 504 1877 564 κόλπους

193 589 395 657 αὐτῶν,
445 587 536 642 καὶ
582 589 780 652 πάντες
819 590 878 642 οἱ
917 588 1147 658 πατέρες
1193 588 1577 643 ἐπαινέσουσι.’
1654 588 1745 642 καὶ
1793 588 1875 643 ἑνὶ

194 674 399 749 ἑκάστω
446 687 556 730 τῶν
602 676 1016 746 ἀποσπωμένων
1063 677 1247 731 αὐτῶν
1295 678 1550 747 ἀδελφῶν
1594 680 1783 746 ἔλεγον
1822 678 1881 732 οὗ

191 768 633 834 περιλειπόμενοι
681 766 780 834 ρμὴ
827 767 1192 836 καταισχύνῃς
1236 767 1401 835 ἡμᾶς,
1451 765 1684 836 ἀδελφέ,
1738 763 1876 834 μηδὲ

191 854 369 924 ψεύσῃ
415 857 544 916 τοὺς
588 856 1087 922 προαποθανόντας
1128 855 1283 923 ἡμῶν
1324 854 1614 924 ἀδελφούς.
1692 855 1874 922 <161>

193 941 294 994 οὐκ
333 941 581 1010 ἀγνοεῖτε
622 939 682 995 δὲ
720 943 786 995 τὰ
832 950 926 1011 τῆς
974 942 1344 1012 ἀδελφότητος
1390 947 1618 1013 φίλτρα,
1665 943 1802 1011 ἅπερ
1841 942 1875 1010 ἡ

191 1030 224 1098 ἡ
272 1033 402 1083 θειά
447 1029 539 1083 καὶ
583 1031 870 1098 πάνσοφος
915 1033 1150 1099 πρόνοια
1191 1031 1284 1083 διὰ
1323 1039 1434 1083 τῶν
1471 1029 1722 1099 πατέρων
1761 1021 1876 1094 τοῖς

192 1118 560 1187 γεννωμένοις
607 1117 822 1189 ἐμέρισε
873 1117 963 1171 καὶ
1019 1119 1110 1171 διὰ
1165 1126 1259 1187 τῆς
1312 1117 1567 1191 μητρςόας
1613 1118 1876 1186 ἐφύτευσε

192 1209 443 1276 γαστρός,
483 1205 543 1259 ἐν
574 1201 609 1275 ᾗ
641 1207 738 1259 τὸν
772 1212 894 1260 ἴσον
926 1205 1158 1275 ἀδελφοὶ
1195 1208 1616 1274 κατοικήσαντες
1653 1210 1877 1277 χρόνον,

191 1293 283 1347 καὶ
323 1296 382 1347 ἐν
414 1301 488 1365 τῷ
523 1294 669 1366 αὐτῷ
703 1299 885 1366 χωρίῳ
916 1293 1275 1364 πλασθέντες,
1314 1293 1405 1348 καὶ
1437 1295 1542 1349 ἀπὸ
1575 1303 1674 1348 τοῦ
1706 1296 1877 1349 αὐτοῦ

191 1385 417 1452 αἳματος
464 1381 822 1452 αὐξηθέντες,
869 1381 960 1435 καὶ
1008 1384 1100 1436 διὰ
1146 1391 1240 1452 τῆς
1279 1384 1445 1452 αὐτῆς
1483 1391 1660 1454 ψυχῆς
1698 1388 1878 1437 τελεσ-

190 1470 555 1540 φορηθέντες,
601 1473 692 1524 καὶ
741 1472 833 1524 διὰ
872 1481 983 1524 τῶν
1025 1477 1161 1525 ι”σων
1201 1471 1596 1542 ἀποτεχθέντες
1641 1475 1876 1542 χρόνων,

190 1558 280 1612 καὶ
327 1559 388 1612 ἐκ
433 1568 544 1612 τῶν
592 1559 775 1613 αὐτῶν
822 1564 1359 1626 γαλακτοποτοῦντες
1406 1570 1617 1630 πηγῶν,
1664 1557 1759 1629 ἀφ’
1799 1556 1878 1613 ὧν

192 1646 594 1716 συντρέφονται
642 1647 703 1701 ἐν
743 1647 1007 1715 ἀγκάλαις
1052 1658 1275 1716 μαστῶν
1313 1650 1646 1719 φιλάδελφοι
1688 1651 1878 1719 ψυχαί,

190 1735 281 1790 καὶ
322 1737 582 1801 αὔξονται
622 1737 998 1806 σφοδρότερον
1031 1738 1124 1790 διά
1156 1745 1250 1805 τῆς
1282 1741 1618 1807 συντροφίας
1655 1736 1747 1790 καὶ
1787 1739 1880 1791 διὰ

191 1834 285 1894 τῆς
322 1824 451 1878 καθ’
483 1824 692 1894 ἡμέραν
725 1828 1027 1894 συνηθείας
1059 1823 1149 1878 καὶ
1181 1833 1277 1893 τῆς
1308 1827 1478 1894 ἄλλης
1508 1827 1759 1888 παιδείας
1789 1825 1880 1878 καὶ

192 1922 286 1982 τῆς
331 1912 593 1983 ’ἡμετέρας
639 1913 699 1967 ἐν
746 1915 898 1985 νόμω
945 1918 1085 1967 θεοῦ
1132 1913 1445 1980 ἀσκήσεωςῖ
1514 1914 1696 1982 <162>
1735 1915 1878 1967 οὕτω

193 2004 260 2070 δὴ
300 2006 492 2056 τοίνυν
531 2003 887 2070 καθεστώσης
930 2007 1236 2070 συμπαθῶς
1281 2009 1377 2070 τῆς
1422 2004 1788 2071 φιλαδελφίας
1827 2003 1885 2055 οἱ

192 2090 324 2144 ε”πτά
381 2090 613 2160 ἀδελφοὶ
669 2089 1126 2159 συμπαθέστερον
1180 2092 1344 2160 ἔσχον
1397 2092 1536 2159 πρὸς
1593 2090 1879 2158 ἀλλήλους.

192 2179 375 2247 <163>
414 2181 566 2252 νόμω
607 2180 712 2248 γὰρ
743 2186 818 2251 τῷ
853 2179 999 2250 αὐτῷ
1032 2176 1430 2240 παιδευθέντες
1468 2176 1559 2230 καὶ
1589 2179 1684 2240 τὰς
1715 2178 1882 2241 αὐτὰς

193 2267 587 2336 ἐξασκήσαντες
633 2267 827 2338 ἀρετὰς
874 2265 962 2320 καὶ
1010 2275 1085 2338 τςό
1131 2267 1327 2339 δικαίῳ
1367 2265 1729 2335 ἐντραφέντες
1774 2268 1878 2338 βίῳ

192 2361 403 2426 μᾶλλον
451 2354 680 2419 ἑαυτοὺς
725 2356 979 2424 ἠγάπων·
1034 2356 1067 2424 ἡ
1116 2356 1220 2423 γὰρ
1269 2355 1527 2424 ὁμοζηλία
1573 2363 1667 2423 τῆς
1720 2359 1881 2408 καλο-

190 2448 464 2513 καγαθίας
518 2443 792 2498 ἐπέτεινεν
843 2445 1032 2507 αὐτοῖς
1085 2446 1186 2512 τὴν
1235 2446 1373 2511 πρὸς
1428 2436 1699 2512 ἀλλήλους
1753 2444 1881 2513 ὁμό-

192 2551 380 2588 νοιαν·
428 2534 612 2603 <164>
653 2536 759 2587 σὺν
790 2535 895 2602 γὰρ
928 2541 991 2602 τῇ
1034 2533 1285 2603 εὐσεβείᾳ
1323 2532 1724 2601 ποθεινοτέραν
1757 2531 1881 2586 ἑαυ-

192 2632 307 2686 τοῖς
345 2623 742 2687 κατεσκεύαζον
773 2623 874 2690 τὴν
907 2623 1295 2691 φιλαδελφίαν.
1351 2618 1470 2674 ἀλλ’
1503 2621 1649 2690 ὅμως
1686 2624 1881 2688 καίπερ

192 2718 287 2779 τῆς
334 2712 553 2780 φύσεως
605 2709 696 2763 καὶ
750 2718 845 2779 τῆς
892 2713 1193 2777 συνηθείας
1247 2707 1339 2761 καὶ
1392 2718 1502 2762 τῶν
1548 2718 1643 2779 τῆς
1690 2709 1883 2777 ἀρετῆς

194 2801 353 2867 ἠθῶν
391 2800 456 2853 τὰ
495 2807 590 2869 τῆς
629 2799 999 2868 ἀδελφότητος
1037 2799 1224 2860 αὐτοῖς
1266 2801 1467 2868 φίλτρα
1507 2798 1881 2862 συναυξανόν-

193 2908 323 2957 των,
370 2887 669 2958 ἀνέσχοντο
719 2888 810 2940 διὰ
858 2888 958 2956 τὴν
1005 2886 1290 2955 εὐσέβειαν
1336 2888 1465 2949 τοὺς
1512 2885 1786 2956 ἀδελφοὺς
1829 2887 1887 2940 oc

1919 612 1940 645 5

1901 1054 1942 1087 10

1903 1496 1943 1528 15

1904 1938 1947 1969 20

1905 2378 1949 2411 25

1906 2816 1949 2853 3'0
