2032 3128
736 130 946 171 ΛΟΓΟΣ
978 130 1278 171 ΠΕΜΠΤΟΣ
1768 127 1801 180 5
1810 129 1836 179 1

162 283 325 331 μενος
378 264 544 331 τήνδε
600 262 1255 332 περιεστρατοπεδεύσατο
1317 262 1417 330 τὴν
1477 264 1671 331 πόλιν,
1734 258 1840 331 ἀρα

159 349 350 420 χερσὶν
404 350 784 419 ἀνθρωπίναις
838 353 1051 414 ἔπεσεν;
1110 350 1290 419 <388>
1336 350 1438 420 οὐχ
1485 353 1545 403 αἳ
1586 347 1687 419 μὲν
1733 350 1839 404 ἀπὸ

159 448 270 492 τῶν
318 438 503 492 ὅπλων
549 439 851 508 ἠρεμοῦσαι
899 438 958 491 ἐν
1008 448 1338 508 προσευχαῖς
1389 435 1557 507 ἦσαν,
1612 441 1842 507 ἄγγελος

161 525 221 579 δὲ
260 535 359 580 τοῦ
397 532 538 580 θεοῦ
578 534 675 597 μιᾷ
723 525 881 580 νυκτὶ
926 528 1028 595 τὴν
1075 527 1304 596 ἄπειρον
1344 528 1602 596 στρατιὰν
1643 526 1841 596 ἐλυμή-

115 638 135 669 5
158 635 315 683 νατο,
362 614 452 668 καὶ
499 612 624 684 μεθ’
671 614 879 684 ἡμέραν
919 614 1156 676 ἀναστὰς
1195 615 1224 668 6
1261 613 1545 681 Ἀσσύριος
1584 615 1842 668 ὀκτωκαί-

159 705 290 757 δεκα
329 704 601 774 μυριάδας
640 701 727 756 ἐπὶ
766 705 1225 773 πεντακισχιλίοις
1262 707 1476 772 νεκρῶν
1515 699 1669 772 εὗρε,
1708 704 1842 772 μετὰ

158 789 219 845 δὲ
273 801 384 845 τῶν
438 790 918 860 καταλειπομένων
973 791 1214 854 ἀόπλους
1266 790 1357 844 καὶ
1411 793 1483 860 μὴ
1541 793 1842 855 διώκοντας

150 879 439 951 Ἑβραίους
470 882 700 950 ἕφυγεν;
740 880 923 949 <389>
964 885 1076 933 ἴστε
1110 877 1171 932 δὲ
1201 878 1292 933 καὶ
1322 881 1423 949 τὴν
1455 879 1515 932 ἐν
1545 882 1843 948 Βαβυλῶνι

157 970 443 1037 δουλείαν,
485 971 625 1022 ἔνθα
658 969 998 1038 μετανάστης
1037 969 1115 1022 ὢν
1156 969 1185 1022 6
1225 970 1356 1031 λαὸς
1395 970 1573 1022 ἔτεσιν
1613 966 1841 1037 ἑβδομή-

89 1080 132 1112 10
155 1077 323 1111 κοντα
362 1058 430 1111 οὐ
479 1059 750 1126 πρότερον
790 1059 868 1120 εἰς
907 1057 1234 1127 ἐλευθερίαν
1273 1056 1615 1127 ἀνεχαίτισεν
1654 1056 1688 1125 ἢ
1727 1059 1842 1110 Κῦ-

153 1165 255 1215 ρον
294 1152 457 1199 τοῦτο
496 1151 834 1214 χαρίσασθαι
872 1151 948 1217 τῷ
986 1151 1127 1217 θεῷ·
1177 1144 1661 1216 προυπέμφθησαν
1700 1152 1840 1213 γοῦν

152 1231 244 1286 ὑπ’
296 1234 492 1302 αὐτοῦ,
546 1232 638 1287 καὶ
684 1235 852 1287 πάλιν
900 1236 997 1287 τὸν
1044 1234 1229 1286 αὐτῶν
1277 1234 1564 1302 σύμμαχον
1614 1233 1841 1293 ἐνεωκό-

153 1342 305 1392 ρουν.
384 1323 567 1391 <390>
615 1325 863 1376 καθόλου
912 1320 961 1375 δ’
1007 1324 1207 1390 εἰπεῖν,
1255 1321 1358 1376 οὐκ
1397 1324 1547 1375 ἔστιν
1588 1322 1617 1374 ὅ
1656 1341 1708 1374 τι
1747 1341 1841 1374 κα-

150 1413 460 1480 τώρθωσαν
500 1412 559 1465 oc
591 1410 818 1480 πατέρες
862 1411 1018 1480 ἡμῶν
1056 1421 1171 1474 τοῖς
1210 1411 1426 1478 ὅπλοις,
1477 1409 1511 1478 ἢ
1551 1411 1677 1480 δίχα
1715 1411 1842 1464 τού-

85 1522 127 1554 15
151 1519 261 1553 των
316 1502 620 1570 διήμαρτον
667 1498 1054 1569 ἐπιτρέψαντες
1098 1507 1172 1571 τῷ
1221 1505 1368 1571 θεςό·
1435 1498 1694 1568 μένοντες
1739 1496 1841 1568 μέν

151 1608 212 1657 γε
250 1590 387 1642 κατὰ
426 1590 614 1659 χώραν
655 1588 855 1642 ἐνίκων
894 1588 967 1651 ὡς
1007 1587 1186 1641 ε’δόκει
1217 1596 1291 1660 τῷ
1323 1595 1499 1657 κριτῇ,
1538 1590 1841 1658 μαχόμενοι

153 1674 204 1730 δ’
257 1679 519 1731 ἔπταισαν
574 1677 674 1730 ἀεί.
750 1677 934 1746 <391>
980 1685 1142 1731 τοῦτο
1194 1675 1322 1745 μέν,
1375 1676 1538 1745 ἡνίκα
1583 1679 1843 1745 βασιλεὺς

148 1769 530 1835 Βαβυλωνίων
571 1764 880 1836 ἐπολιόρκει
918 1767 1126 1833 ταύτην
1164 1767 1265 1833 τὴν
1304 1768 1499 1833 πόλιν,
1540 1766 1841 1834 συμβαλὼν

150 1857 418 1918 Σεδεκίας
456 1855 486 1909 6
525 1852 786 1924 ἡμέτερος
823 1856 1083 1923 βασιλεὺς
1120 1855 1269 1922 παρὰ
1298 1855 1394 1917 τὰς
1416 1851 1682 1923 Ἱερεμίου
1714 1870 1843 1924 προ-

17 1951 21 1954 ”
84 1966 126 1997 20
150 1947 376 2013 φητείας
426 1944 591 2007 αὐτός
636 1941 695 1996 θ’
744 1942 884 1996 ἑάλω
931 1941 1023 1996 καὶ
1068 1945 1130 1997 τὸ
1177 1945 1315 1996 ἄστυ
1366 1943 1499 2012 μετὰ
1548 1951 1649 1996 τοῦ
1687 1950 1842 1994 -ναοῦ

150 2035 668 2101 κατασκαπτόμενον
709 2029 845 2085 εἶδε·
890 2035 1069 2085 καίτοι
1100 2034 1252 2101 πόσῳ
1287 2032 1646 2101 μετριώτερος
1678 2031 1707 2085 6
1740 2027 1841 2100 μὲν

149 2123 410 2188 βασιλεὺς
441 2120 651 2184 ἐκεῖνος
681 2130 792 2174 τῶν
825 2119 1106 2190 ὑμετέρων
1137 2120 1427 2189 ἡγεμόνων
1458 2115 1548 2188 ἧν,
1589 2119 1617 2173 6
1651 2117 1707 2172 δ’
1743 2118 1836 2171 ὑπ’

148 2208 296 2280 αὐτῷ
345 2211 478 2271 λαὸς
522 2209 695 2279 ὑμῶν.
773 2209 956 2278 <392>
1004 2212 1225 2278 βοῶντα
1262 2216 1402 2277 γοῦν
1441 2210 1539 2262 τὸν
1572 2206 1841 2278 Ἱερεμίαν

147 2298 221 2359 ὡς
261 2297 595 2368 ἀπέχθοιντο
644 2296 746 2367 μὲν
791 2306 868 2370 τῷ
907 2303 1023 2369 θεῷ
1077 2299 1169 2350 διὰ
1207 2299 1303 2360 τὰς
1341 2299 1418 2360 εἰς
1457 2296 1627 2350 αὐτὸν
1665 2300 1840 2365 πλημ-

80 2407 124 2439 25
148 2388 386 2454 μελείας,
417 2385 722 2440 ἁλώσοιντο
757 2384 805 2438 δ’
837 2387 889 2439 εἰ
918 2386 991 2455 μὴ
1022 2386 1325 2453 παραδοῖεν
1356 2385 1458 2453 τὴν
1489 2387 1672 2453 πόλιν,
1705 2383 1835 2438 οὔθ’

146 2474 174 2528 6
216 2476 475 2543 βασιλεὺς
514 2473 644 2528 οὔθ’
690 2475 720 2529 6
760 2475 933 2544 δῆμος
972 2474 1205 2528 ἀνεῖλεν.
1283 2474 1465 2543 <393>
1507 2472 1630 2527 ἀλλ’
1669 2474 1842 2542 ὑμεῖς,

144 2561 216 2615 ἵν’
258 2563 399 2616 ε’άσω
439 2564 648 2616 τᾶνδον
687 2560 782 2636 (οὐ
821 2564 926 2633 γὰρ
966 2563 1036 2616 ἀν
1069 2561 1403 2634 ἑρμηνεῦσαι
1437 2564 1714 2631 δυναίμην
1745 2563 1842 2624 τὰς

74 2682 79 2689 -
142 2654 487 2722 παρανομίας
525 2652 685 2720 ὑμῶν
724 2651 933 2723 ἀξίως),
976 2649 1068 2721 ἐμὲ
1107 2654 1207 2706 τὸν
1246 2656 1673 2720 παρακαλοῦντα
1704 2652 1842 2720 πρὸς

144 2743 421 2810 σωτηρίαν
466 2741 610 2809 ὑμᾶς
656 2744 1026 2810 βλασφημεῖτε
1077 2739 1170 2794 καὶ
1225 2741 1479 2810 βάλλετε,
1532 2738 1841 2809 παροξυνό-

74 2850 118 2882 30
143 2848 301 2897 μενοι
354 2831 490 2899 πρὸς
543 2831 640 2893 τὰς
693 2830 1031 2899 ὑπομνήσεις
1085 2838 1196 2883 τῶν
1251 2829 1685 2899 ἁμαρτημάτων,
1748 2825 1840 2880 καὶ

142 2914 284 2986 μηδὲ
301 2920 431 2981 τοὺς
454 2921 657 2987 λόγους
681 2917 944 2989 φέροντες
969 2914 1048 2971 ὧν
1071 2913 1246 2988 τᾶργα
1272 2919 1436 2989 δρᾶτε
1461 2915 1589 2970 καθ’
1615 2915 1840 2986 ἡμέραν.

1480 3004 1540 3047 4*
