2032 3128
199 97 305 150 298
749 101 850 141 ΕΙΣ
885 101 1322 144 ΜΑΚΚΑΒΑΙΟΤΣ

196 234 364 300 γνοὺς
416 232 445 285 ὁ
495 229 859 294 Ἀπολλώνιος
911 235 1009 286 τὸν
1063 230 1164 301 μὲν
1214 237 1446 303 Σίμωνα
1499 234 1594 305 τῆς
1646 238 1724 299 εἰς
1776 239 1874 293 τὸν,

194 318 421 387 βασιλέα
451 321 781 388 κηδεμονίας
811 318 1018 390 ἐπῄνει,
1056 323 1193 391 πρὸς
1224 320 1286 375 δὲ
1315 324 1413 376 τὸν
1437 322 1716 377 Σέλευκον
1741 325 1872 379 ἀνα-

194 408 294 476 βὰς
348 410 687 476 κατεμήνυσε
744 410 842 461 τὸν
896 418 1006 462 τῶν
1059 410 1351 479 χρημάτων
1404 414 1720 481 θησαυρόν,
1781 411 1872 466 καὶ

192 496 378 563 λαβὼν
410 497 511 564 τὴν
545 494 669 564 περὶ
709 496 891 549 αὐτῶν
924 496 1177 560 ἐξουσίαν
1208 501 1344 567 ταχὺ
1383 501 1462 561 εἰς
1499 500 1599 568 τὴν
1637 503 1873 571 πατρίδα

192 584 347 652 ἡμῶν
400 585 532 653 μετὰ
586 592 685 637 τοῦ
738 585 1045 652 καταράτου
1100 589 1358 654 Σίμωνος
1417 585 1507 640 καὶ
1561 590 1873 659 βαρυτάτου
1918 613 1939 645 5

193 681 430 741 στρατοῦ
476 671 672 741 ἀνέβη,
724 673 870 741 <43>
908 672 999 726 καὶ
1044 676 1374 743 προσελθὼν
1412 685 1531 738 ταῖς
1573 685 1674 729 τοῦ
1719 681 1873 746 βασι-

190 759 326 823 λέως
357 760 604 823 ἐντολαῖς
633 762 789 829 ἥκειν
817 764 1002 830 ἔλεγεν
1035 763 1180 826 ὅπως
1210 764 1277 816 τὰ
1309 764 1556 817 ἰδιωτικὰ
1587 773 1686 819 τοῦ
1717 769 1874 834 γαζο-

189 852 463 918 φυλακίου
510 851 669 919 λάβοι
701 852 975 919 Ιχρήματα.
1052 850 1141 904 καὶ
1195 860 1294 905 τοῦ
1340 854 1543 915 ἔθνους
1594 855 1731 922 πρὸς
1775 857 1872 908 τὸν

190 940 358 1005 λόγον
396 939 816 1008 σχετλιάσαντος
855 939 1237 1008 ἀντιλέγοντός
1273 960 1348 1007 τε,
1387 941 1689 995 πάνδεινον
1727 938 1870 995 εἶναι

186 1028 510 1094 νομίσαντες
548 1028 599 1078 εἰ
637 1027 695 1078 οἱ
727 1027 823 1088 τὰς
859 1031 1321 1096 παρακαταθήκας
1366 1031 1754 1093 πιστεύσαντες
1791 1039 1866 1102 τῷ
1894 1056 1936 1087 10

187 1115 313 1185 ι”ερςό
361 1121 628 1184 θησαυρῷ
678 1116 1061 1184 στερήσονται,
1108 1116 1182 1178 ὡς
1227 1110 1349 1170 οἷόν
1395 1137 1451 1170 τε
1497 1113 1568 1186 ἦν
1608 1117 1867 1172 ἐκώλυον.

184 1203 327 1271 <44>
380 1202 496 1272 μετ’
541 1202 781 1256 ἀπειλῶν
837 1200 897 1256 δὲ
952 1204 981 1257 ὁ
1034 1202 1400 1268 Ἀπολλώνιος
1458 1205 1620 1277 ἀπῄει
1675 1209 1753 1270 εἰς
1805 1211 1866 1261 τὸ

185 1292 350 1361 ἱερόν.
426 1301 537 1344 τῶν
579 1292 639 1343 δὲ
679 1290 871 1360 ἱερέων
912 1293 1044 1361 μετὰ
1083 1302 1365 1360 γυναικῶν
1403 1291 1493 1346 καὶ
1532 1295 1771 1347 παιδίων
1807 1295 1868 1348 ἐν

181 1386 256 1450 τςό
294 1379 422 1450 ἱερῷ
455 1379 850 1432 ἱκετευσάντων
882 1381 979 1433 τὸν
1009 1381 1148 1433 θεὸν
1179 1380 1549 1449 ὑπερασπίσαι
1580 1390 1680 1440 τοῦ
1714 1383 1867 1453 ἱεροῦ

180 1466 709 1537 καταφρονουμένου
749 1467 873 1536 [τοῦ
911 1468 1127 1537 τόπου],
1165 1467 1311 1537 <45>
1347 1468 1601 1533 ἀνιόντος
1637 1490 1694 1523 τε
1733 1473 1865 1539 μετὰ
1891 1496 1933 1529 15

179 1553 639 1624 καθωπλισμένης
692 1564 787 1624 τῆς
841 1565 1095 1624 στρατιᾶς
1147 1564 1248 1610 τοῦ
1303 1555 1677 1611 Ἀπολλωνίου
1729 1562 1866 1629 πρὸς

178 1645 278 1711 τὴν
308 1654 418 1697 τῶν
450 1645 745 1715 χρημάτων
777 1644 1048 1714 ἁρπαγήν,
1089 1645 1402 1715 οὐρανόθεν
1435 1649 1660 1716 ἔφιπποι
1694 1666 1864 1716 πρου-

179 1734 435 1801 φάνησαν
489 1734 712 1801 ἄγγελοι
766 1734 1295 1801 περιαστράπτοντες
1340 1745 1455 1797 τοῖς
1505 1736 1718 1803 ὅπλοις,
1771 1736 1862 1790 καὶ

176 1824 354 1875 πολὺν
394 1821 579 1885 αὐτοῖς
616 1825 798 1891 φόβον
837 1842 893 1874 τε
933 1821 1025 1875 καὶ
1062 1825 1268 1892 τρόμον
1309 1822 1557 1886 ἐνιέντες.
1633 1845 1862 1878 καταπε-

177 1911 289 1963 σὼν
337 1908 398 1963 δὲ
451 1911 731 1979 ἡμιθανὴς
781 1910 809 1963 ὁ
858 1908 1226 1973 Ἀπολλώνιος
1279 1911 1365 1965 ἐπὶ
1419 1913 1517 1965 τὸν
1563 1912 1861 1982 πάμφυλον
1886 1939 1928 1971 20

175 2007 274 2052 τοῦ
329 2000 481 2068 ἱεροῦ
535 2002 860 2068 περίβολον,
921 2000 1016 2062 τὰς
1077 2009 1262 2068 χεῖρας
1316 1999 1578 2064 ἐξέτεινεν
1632 2003 1711 2064 εἰς
1762 2004 1860 2055 τὸν

176 2087 437 2155 οὐρανόν,
476 2085 567 2140 καὶ
606 2089 738 2156 μετὰ
778 2089 1036 2156 δακρύων
1075 2091 1204 2151 τοὺς
1238 2087 1529 2157 Ἑβραίους
1567 2090 1860 2158 παρεκάλει

174 2176 320 2239 ὅπως
372 2175 807 2245 προσευξάμενοι
861 2175 987 2245 περὶ
1038 2177 1210 2230 αὐτοῦ
1258 2180 1355 2231 τὸν
1402 2177 1669 2246 οὐράνιον
1716 2178 1859 2242 ἐξευ-

173 2267 491 2332 μενίσονται
539 2267 788 2333 στρατόν.
865 2265 1009 2334 <46>
1048 2266 1265 2328 τούτοις
1303 2264 1571 2336 ὑπαχθεὶς
1612 2275 1727 2330 τοῖς
1768 2270 1858 2320 λό-

172 2372 289 2420 γοις
324 2348 502 2415 Ὀνίας
540 2353 569 2406 ὁ
611 2352 918 2422 ἀρχιερεύς,
966 2356 1159 2422 καίπερ
1199 2355 1379 2417 ἄλλως
1416 2353 1746 2423 εὐλαβηθεὶς
1784 2357 1858 2424 μή
1883 2381 1924 2413 25

170 2459 301 2495 ποτε
349 2444 630 2510 νομίσειεν
676 2441 705 2494 ὁ
753 2444 1012 2510 βασιλεὺς
1058 2442 1334 2506 Σέλευκος
1389 2442 1443 2507 ἐξ
1498 2442 1859 2513 ἀνθρωπίνης

170 2529 464 2598 ἐπιβουλῆς
507 2528 598 2583 καὶ
645 2531 717 2599 μὴ
765 2533 923 2594 θείας
969 2532 1124 2600 δίκης
1171 2530 1486 2602 ἀνῃρῆσθαι
1533 2533 1631 2585 τὸν
1665 2530 1857 2586 Ἀπολ-

169 2620 392 2687 λώνιον,
446 2618 649 2687 ηὔξατο
695 2617 820 2689 περὶ
867 2619 1055 2673 αὐτοῦ.
1132 2620 1277 2688 <47>
1323 2618 1414 2673 καὶ
1461 2619 1489 2673 ὃ
1538 2616 1639 2689 μὲν
1684 2639 1857 2689 παρα-

170 2705 342 2769 δόξως
382 2705 680 2770 διασωθεὶς
718 2705 886 2779 ᾤχετο
928 2709 1197 2777 δηλώσων
1234 2717 1309 2779 τῷ
1351 2712 1571 2778 βασιλεῖ
1614 2710 1680 2762 τὰ
1719 2725 1855 2779 συμ-

167 2793 341 2861 βάντα
376 2794 1015 2866 αὐτῷ·.τελευτήσαντος
1047 2793 1108 2849 δὲ
1140 2797 1424 2850 Σελεύκου
1457 2797 1855 2866 τοῦβασιλέως
1878 2823 1922 2855 30

168 2880 475 2951 διαδέχεται
515 2883 615 2951 τὴν
653 2883 826 2954 ἀρχὴν
862 2882 1136 2955 Ἀντίοχος
1165 2883 1467 2954 Ἐπιφανὴς
1503 2886 1626 2948 υίὸς
1664 2887 1854 2956 αὐτοῦ,
