2032 3128
208 90 317 143 324
690 113 694 118 ·
763 90 864 131 ΕΙΣ
894 90 1332 134 ΜΑΚΚΑΒΑΙΟΤΣ

208 227 464 294 μάζουσα.
555 227 614 277 τὸ
677 234 828 286 νῖκος
889 225 1177 293 ἀφθαρσιά
1239 224 1328 300 ἐν,
1355 227 1459 294 ζωῇ
1522 229 1886 298 πολυχρονίῳ.
1933 208 1935 210 .

202 312 518 383 Ἐλεάζαρος
572 309 632 364 δὲ
686 315 1112 381 προηγωνίζετο,
1166 311 1199 379 ἡ
1256 309 1317 365 δὲ
1372 313 1546 380 μήτηρ
1599 322 1709 366 τῶν
1756 311 1887 366 ἑπτὰ

207 403 422 454 παίδων
455 401 699 469 ἐνήθλει,
731 401 789 454 οἱ
817 397 879 453 δὲ
911 399 1141 470 ἀδελφοὶ
1172 401 1523 468 ἠγωνίζοντο,
1560 401 1590 455 6
1621 402 1891 471 τύραννος

209 490 618 558 ἀντηγωνίζετο.
682 488 711 541 6
750 485 810 540 δὲ
849 491 1051 557 κόσμος
1088 487 1178 541 καὶ
1218 489 1247 542 6
1283 497 1394 540 τῶν
1425 488 1740 559 ἀνθρώπων
1771 493 1892 559 βίος

209 578 453 646 ἐθεώρει.
504 577 684 646 <209>
715 575 1005 646 θεοσέβεια
1038 573 1098 629 δὲ
1131 575 1304 644 ἐνίκα,
1334 579 1463 639 τοὺς
1494 575 1688 647 ἑαυτῆς
1719 577 1891 646 ἀθλη-
1936 598 1958 632 5

208 669 304 730 τὰς
343 673 705 735 στεφανοῦσα.
774 667 918 727 τίνες
949 665 1050 718 οὐκ
1090 664 1415 733 ἐθαύμασαν
1446 669 1575 728 τοὺς
1612 673 1707 735 τῆς
1735 670 1894 728 θείας

209 758 544 823 νομοθεσίας
589 752 861 822 ἀθλητάς;
917 756 1062 815 τίνες
1110 753 1211 806 οὐκ
1258 752 1656 822 ἐξεπλάγησαν;
1713 754 1893 822 <210>

211 843 374 905 αὐτός
412 841 478 909 γε’
511 861 596 896 τοι
636 841 665 895 6
695 842 976 909 ’τύραννος
1013 839 1103 893 καὶ
1143 840 1276 894 ὅλον
1315 843 1377 894 τὸ
1419 843 1761 910 συμβούλιον
1796 842 1893 894 αὐ-

210 942 320 984 τῶν
353 930 736 998 ἐξεθαύμασαν
769 929 952 982 αὐτῶν
987 931 1089 997 τὴν
1127 929 1435 998 ὑπομονήν,
1476 928 1548 982 δι’
1581 929 1652 998 ἣν
1689 928 1780 983 καὶ
1819 939 1892 1002 τῷ

210 1023 350 1091 θείῳ
388 1027 494 1072 νῦν
525 1021 893 1086 παρεστήκασι
926 1020 1118 1087 θρόνῳ
1159 1016 1249 1070 καὶ
1288 1019 1384 1070 τὸν
1416 1018 1687 1088 μακάριον
1719 1021 1894 1071 αἰῶνα
1921 1042 1962 1072 10

211 1111 411 1177 βιοῦσι.
490 1107 671 1176 <211>
709 1105 798 1159 καὶ
838 1106 942 1174 γάρ
981 1123 1153 1174 φησιν
1193 1107 1220 1160 6
1254 1110 1502 1175 Μωυσῆς
1542 1105 1658 1160 εκαὶ
1695 1108 1895 1169 πάντες

212 1199 270 1250 οὗ
301 1194 625 1265 ἡγιασμένοι
664 1195 771 1248 ὑπὸ
811 1196 905 1257 τὰς
943 1196 1128 1265 χεῖράς
1166 1195 1332 1248 σου.”
1375 1194 1466 1248 καὶ
1505 1192 1660 1249 οὗτοι
1699 1191 1804 1249 οὗν
1842 1195 1901 1248 oc

213 1283 571 1354 ἁγιασθέντες
611 1284 703 1337 διὰ
741 1285 880 1338 θεὸν
918 1287 1256 1352 τετίμηνται,
1305 1284 1372 1337 οὐ
1412 1287 1586 1352 μόνον
1624 1285 1792 1355 ταύτῃ
1831 1291 1895 1354 τῇ

212 1382 367 1443 τιμῇ,
414 1373 553 1426 ἀλλὰ
599 1371 690 1425 καὶ
729 1379 804 1444 τῷ
845 1369 923 1424 δι’
953 1372 1155 1435 αὐτοὺς
1193 1381 1291 1425 τοῦ
1332 1375 1537 1435 ἔθνους
1574 1372 1730 1442 ἡμῶν
1768 1376 1898 1436 τοὺς

212 1465 508 1531 πολεμίους
554 1463 626 1530 μὴ
675 1460 1028 1528 ἐπικρατῆσαι
1075 1458 1164 1513 καὶ
1207 1463 1305 1513 τὸν
1345 1462 1623 1530 τύραννον
1661 1481 1896 1531 τιμωρη-
1921 1482 1964 1514 15

212 1557 384 1619 θῆναι
436 1549 525 1603 καὶ
581 1551 683 1617 τὴν
728 1550 964 1618 πατρίδα
1023 1555 1464 1617 καθαρισθῆναι,
1520 1550 1702 1619 ὥσπερ
1750 1549 1897 1602 ἀντί-

215 1648 393 1709 ψυχον
423 1641 718 1707 γεγονότας
750 1646 844 1706 τῆς
874 1646 974 1691 τοῦ
1006 1639 1209 1701 ἔθνους
1241 1637 1520 1708 ἁμαρτίας.
1589 1638 1771 1706 <212>
1807 1636 1898 1691 καὶ

216 1728 307 1780 διὰ
346 1735 445 1780 τοῦ
482 1728 706 1795 αἵματος
735 1735 846 1779 τῶν
879 1726 1122 1795 εὐσεβῶν
1156 1726 1382 1779 ἐκείνων
1414 1725 1504 1779 καὶ
1543 1735 1643 1780 τοῦ
1684 1728 1900 1796 ίλαστηψ

215 1819 339 1885 ρίου
378 1823 478 1869 τοῦ
516 1815 768 1868 θανάτου
808 1814 992 1867 αὐτῶν
1030 1815 1062 1882 ἡ
1103 1818 1232 1867 θειά
1270 1818 1506 1883 πρόνοια
1544 1817 1642 1867 τὸν
1682 1814 1900 1884 Ἰσραὴλ

214 1903 645 1974 προκακωθέντα
678 1904 932 1956 διέσωσε·
974 1903 1156 1970 <213>
1194 1905 1331 1971 πρὸς
1351 1902 1473 1970 γὰρ
1505 1903 1605 1970 τὴν
1637 1901 1901 1970 ἀνδρείαν
1925 1923 1968 1954 20

216 1994 399 2046 αὐτῶν
437 2001 531 2061 τῆς
577 1991 771 2060 ἀρετῆς
824 1989 915 2044 καὶ
962 1992 1062 2059 τὴν
1111 1988 1199 2043 ἐπὶ
1245 2000 1364 2053 ταῖς
1408 1991 1673 2060 βασάνοις
1718 1990 1902 2043 αὐτῶν

217 2083 505 2151 ὑπομονὴν
545 2080 574 2133 ὁ
615 2082 887 2150 τύραννος
926 2079 1140 2132 ἀπιδὼν
1181 2078 1514 2149 ἀνεκήρυξεν
1554 2079 1582 2133 ὁ
1625 2077 1904 2148 Ἀντίοχος

217 2180 331 2233 τοῖς
385 2171 740 2239 στρατιώταις
793 2168 966 2221 αὑτοῦ
1022 2170 1100 2230 εἰς
1157 2167 1465 2236 ὑπόδειγμα
1519 2169 1621 2236 τὴν
1676 2166 1903 2220 ἐκείνων

217 2259 527 2328 ὑπομονήν,
565 2259 685 2327 ἔσχε
717 2277 773 2310 τε
807 2257 1010 2319 αὐτοὺς
1049 2259 1342 2324 γενναίους
1379 2254 1471 2308 καὶ
1507 2255 1796 2325 ἀνδρείους
1826 2258 1904 2318 εἰς

218 2349 548 2415 πεζομαχίαν
599 2344 689 2398 καὶ
743 2349 1086 2411 πολιορκίαν,
1140 2343 1229 2397 καὶ
1285 2344 1633 2414 ἐκπορθήσας
1687 2343 1903 2412 ἐνίκησε
1929 2363 1971 2395 25

220 2438 349 2498 τοὺς
400 2436 607 2497 πάντας
659 2437 970 2502 πολεμίους.
1047 2434 1228 2501 <214>
1278 2429 1320 2485 ὦ
1375 2442 1486 2486 τῶν
1531 2431 1904 2502 Ἀβραμιαίων

223 2525 547 2592 σπερμάτων
587 2523 853 2591 ἀπόγονοι
891 2524 1082 2585 παῖδες
1116 2521 1477 2591 Ἰσραηλῖται,
1523 2524 1790 2574 πείθεσθε
1829 2529 1904 2591 τῷ

222 2613 374 2683 νόμῳ
405 2613 602 2684 τούτῳ,
633 2609 722 2664 καὶ
754 2612 931 2664 πάντα
955 2614 1160 2680 τρόπον
1184 2610 1474 2679 εὐσεβεῖτε,
1508 2611 1907 2678 γιγνώσκοντες

223 2701 308 2753 ὅτι
353 2709 464 2753 τῶν
509 2705 709 2753 παθῶν
756 2702 1022 2768 δεσπότης
1076 2698 1226 2752 ἐστὶν
1273 2699 1302 2753 ὁ
1350 2699 1578 2767 εὐσεβὴς
1627 2700 1904 2767 λογισμός,

222 2786 311 2841 καὶ
367 2788 435 2842 οὐ
496 2791 672 2858 μόνον
725 2798 836 2841 τῶν
891 2790 1127 2841 ἔνδοθεν
1182 2788 1320 2840 ἀλλὰ
1382 2786 1472 2840 καὶ
1533 2796 1645 2840 τῶν
1701 2786 1908 2850 ἔξωθεν
1931 2805 1976 2836 30

223 2879 427 2931 πόνων.
