<?xml version="1.0" encoding="UTF-8"?>
<!DOCTYPE html PUBLIC "-//W3C//DTD XHTML 1.0 Transitional//EN"
    "http://www.w3.org/TR/xhtml1/DTD/xhtml1-transitional.dtd">
<html xmlns="http://www.w3.org/1999/xhtml" xml:lang="en" lang="en">
 <head>
  <title>
</title>
<meta http-equiv="Content-Type" content="text/html;charset=utf-8" />
  <meta name='ocr-system' content='tesseract 3.04.00' />
  <meta name='ocr-capabilities' content='ocr_page ocr_carea ocr_par ocr_line ocrx_word'/>
</head>
<body>
  <div class='ocr_page' id='page_1' title='image "./flaviiiosephiope06joseuoft_0226.png"; bbox 0 0 2032 3128; ppageno 0'>
   <div class='ocr_carea' id='block_1_1' title="bbox 234 98 1491 151">
    <p class='ocr_par' dir='ltr' id='par_1_1' title="bbox 234 98 1491 151">
     <span class='ocr_line' id='line_1_1' title="bbox 234 98 1491 151; baseline 0.002 -7"><span class='ocrx_word' id='word_1_1' title='bbox 234 98 339 151; x_wconf 81' lang='lat'><strong><em>170</em></strong></span> <span class='ocrx_word' id='word_1_2' title='bbox 658 102 782 144; x_wconf 82' lang='lat' dir='ltr'><strong><em>TOT</em></strong></span> <span class='ocrx_word' id='word_1_3' title='bbox 812 103 1153 146; x_wconf 82' lang='grc' dir='ltr'><strong>ΙΟΤΔΑΙΚΟΤ</strong></span> <span class='ocrx_word' id='word_1_4' title='bbox 1182 105 1491 148; x_wconf 71' lang='grc' dir='ltr'>ΠΟΛΕΜΟΥ</span> 
     </span>
    </p>
   </div>
   <div class='ocr_carea' id='block_1_2' title="bbox 215 231 1980 1180">
    <p class='ocr_par' dir='ltr' id='par_1_2' title="bbox 215 231 1980 1180">
     <span class='ocr_line' id='line_1_2' title="bbox 228 231 1915 309; baseline 0.006 -24"><span class='ocrx_word' id='word_1_5' title='bbox 228 231 319 285; x_wconf 85' lang='grc' dir='ltr'><strong><em>καὶ</em></strong></span> <span class='ocrx_word' id='word_1_6' title='bbox 375 234 586 297; x_wconf 89' lang='grc' dir='ltr'><strong><em>δίκαιος</em></strong></span> <span class='ocrx_word' id='word_1_7' title='bbox 640 233 957 303; x_wconf 81' lang='grc' dir='ltr'><strong><em>ἀνθρώπων</em></strong></span> <span class='ocrx_word' id='word_1_8' title='bbox 1012 234 1333 308; x_wconf 78' lang='grc' dir='ltr'><em>δεσπότης),</em></span> <span class='ocrx_word' id='word_1_9' title='bbox 1392 239 1512 307; x_wconf 76' lang='grc' dir='ltr'><strong><em>ἥκει</em></strong></span> <span class='ocrx_word' id='word_1_10' title='bbox 1566 247 1672 293; x_wconf 88' lang='grc' dir='ltr'><strong><em>νῦν</em></strong></span> <span class='ocrx_word' id='word_1_11' title='bbox 1726 242 1915 309; x_wconf 86' lang='grc' dir='ltr'><strong><em>καιρὸς</em></strong></span> 
     </span>
     <span class='ocr_line' id='line_1_3' title="bbox 229 320 1912 397; baseline 0.005 -25"><span class='ocrx_word' id='word_1_12' title='bbox 229 320 604 388; x_wconf 81' lang='grc' dir='ltr'><em>ἐπαληθεῦσαι</em></span> <span class='ocrx_word' id='word_1_13' title='bbox 641 325 882 376; x_wconf 82' lang='grc' dir='ltr'><strong><em>κελεύων</em></strong></span> <span class='ocrx_word' id='word_1_14' title='bbox 921 326 982 377; x_wconf 89' lang='grc' dir='ltr'><strong><em>τὸ</em></strong></span> <span class='ocrx_word' id='word_1_15' title='bbox 1022 328 1279 394; x_wconf 89' lang='grc' dir='ltr'><strong><em>φρόνημα</em></strong></span> <span class='ocrx_word' id='word_1_16' title='bbox 1317 336 1433 390; x_wconf 91' lang='grc' dir='ltr'><strong><em>τοῖς</em></strong></span> <span class='ocrx_word' id='word_1_17' title='bbox 1472 330 1669 397; x_wconf 78' lang='grc' dir='ltr'><em>ἔργοις.</em></span> <span class='ocrx_word' id='word_1_18' title='bbox 1731 329 1912 390; x_wconf 76' lang='grc'>&lt;324&gt;</span> 
     </span>
     <span class='ocr_line' id='line_1_4' title="bbox 226 404 1912 482; baseline 0.004 -21"><span class='ocrx_word' id='word_1_19' title='bbox 226 410 362 478; x_wconf 90' lang='grc' dir='ltr'><strong><em>πρὸς</em></strong></span> <span class='ocrx_word' id='word_1_20' title='bbox 414 409 480 462; x_wconf 91' lang='grc' dir='ltr'><strong><em>ὃν</em></strong></span> <span class='ocrx_word' id='word_1_21' title='bbox 535 410 736 474; x_wconf 85' lang='grc' dir='ltr'><strong><em>αὑτοὺς</em></strong></span> <span class='ocrx_word' id='word_1_22' title='bbox 787 413 860 480; x_wconf 82' lang='grc' dir='ltr'><strong><em>μὴ</em></strong></span> <span class='ocrx_word' id='word_1_23' title='bbox 914 414 1403 482; x_wconf 63' lang='grc' dir='ltr'><strong><em>καταισχύνωμεν,</em></strong></span> <span class='ocrx_word' id='word_1_24' title='bbox 1448 418 1719 476; x_wconf 62' lang='grc' dir='ltr'><strong><em>πρότερον</em></strong></span> <span class='ocrx_word' id='word_1_25' title='bbox 1773 404 1912 476; x_wconf 66' lang='grc' dir='ltr'><strong><em>μηδὲ</em></strong></span> 
     </span>
     <span class='ocr_line' id='line_1_5' title="bbox 228 493 1912 564; baseline 0.002 -20"><span class='ocrx_word' id='word_1_26' title='bbox 228 498 490 551; x_wconf 75' lang='grc' dir='ltr'><strong><em>δουλείαν</em></strong></span> <span class='ocrx_word' id='word_1_27' title='bbox 513 498 832 546; x_wconf 64' lang='grc' dir='ltr'><strong><em>ἀκίνδυνον</em></strong></span> <span class='ocrx_word' id='word_1_28' title='bbox 870 498 1292 561; x_wconf 74' lang='grc' dir='ltr'><strong><em>ὑπομείναντες,</em></strong></span> <span class='ocrx_word' id='word_1_29' title='bbox 1338 493 1469 547; x_wconf 85' lang='grc' dir='ltr'><strong><em>νυνὶ</em></strong></span> <span class='ocrx_word' id='word_1_30' title='bbox 1510 493 1571 547; x_wconf 76' lang='grc' dir='ltr'><strong><em>δὲ</em></strong></span> <span class='ocrx_word' id='word_1_31' title='bbox 1609 496 1743 564; x_wconf 80' lang='grc' dir='ltr'><strong><em>μετὰ</em></strong></span> <span class='ocrx_word' id='word_1_32' title='bbox 1783 498 1912 549; x_wconf 90' lang='grc' dir='ltr'><strong><em>δου-</em></strong></span> 
     </span>
     <span class='ocr_line' id='line_1_6' title="bbox 223 579 1978 650; baseline 0.002 -16"><span class='ocrx_word' id='word_1_33' title='bbox 223 588 371 644; x_wconf 86' lang='grc' dir='ltr'><strong><em>λείας</em></strong></span> <span class='ocrx_word' id='word_1_34' title='bbox 426 579 676 650; x_wconf 81' lang='grc' dir='ltr'><strong><em>ἑλόμενοι</em></strong></span> <span class='ocrx_word' id='word_1_35' title='bbox 736 583 1000 650; x_wconf 80' lang='grc' dir='ltr'><strong><em>τιμωρίας</em></strong></span> <span class='ocrx_word' id='word_1_36' title='bbox 1054 580 1411 650; x_wconf 75' lang='grc' dir='ltr'><strong><em>ἀνηκέστους,</em></strong></span> <span class='ocrx_word' id='word_1_37' title='bbox 1474 584 1525 635; x_wconf 81' lang='grc' dir='ltr'><strong><em>εἰ</em></strong></span> <span class='ocrx_word' id='word_1_38' title='bbox 1577 586 1771 647; x_wconf 83' lang='grc' dir='ltr'><strong><em>ζῶντες</em></strong></span> <span class='ocrx_word' id='word_1_39' title='bbox 1824 582 1911 637; x_wconf 86' lang='grc' dir='ltr'><strong><em>ἐπὶ</em></strong></span> <span class='ocrx_word' id='word_1_40' title='bbox 1957 606 1978 639; x_wconf 90' lang='lat'>5</span> 
     </span>
     <span class='ocr_line' id='line_1_7' title="bbox 215 668 1912 741; baseline 0.002 -20"><span class='ocrx_word' id='word_1_41' title='bbox 215 668 500 738; x_wconf 89' lang='grc' dir='ltr'><strong><em>Ῥωμαίοις</em></strong></span> <span class='ocrx_word' id='word_1_42' title='bbox 539 669 800 736; x_wconf 82' lang='grc' dir='ltr'><strong><em>ἐσόμεθα·</em></strong></span> <span class='ocrx_word' id='word_1_43' title='bbox 841 673 1054 737; x_wconf 84' lang='grc' dir='ltr'><strong><em>πρῶτοί</em></strong></span> <span class='ocrx_word' id='word_1_44' title='bbox 1087 690 1144 722; x_wconf 92' lang='grc' dir='ltr'><strong><em>τε</em></strong></span> <span class='ocrx_word' id='word_1_45' title='bbox 1183 670 1288 740; x_wconf 80' lang='grc' dir='ltr'><strong><em>γὰρ</em></strong></span> <span class='ocrx_word' id='word_1_46' title='bbox 1328 671 1552 724; x_wconf 89' lang='grc' dir='ltr'><strong><em>πάντων</em></strong></span> <span class='ocrx_word' id='word_1_47' title='bbox 1587 670 1912 741; x_wconf 87' lang='grc' dir='ltr'><strong><em>ἀπέστημεν,</em></strong></span> 
     </span>
     <span class='ocr_line' id='line_1_8' title="bbox 224 755 1913 829; baseline 0.002 -18"><span class='ocrx_word' id='word_1_48' title='bbox 224 756 314 811; x_wconf 86' lang='grc' dir='ltr'><strong><em>καὶ</em></strong></span> <span class='ocrx_word' id='word_1_49' title='bbox 360 762 707 826; x_wconf 81' lang='grc' dir='ltr'><strong><em>πολεμοῦμεν</em></strong></span> <span class='ocrx_word' id='word_1_50' title='bbox 753 755 941 819; x_wconf 85' lang='grc' dir='ltr'><strong><em>αὐτοῖς</em></strong></span> <span class='ocrx_word' id='word_1_51' title='bbox 986 762 1307 810; x_wconf 87' lang='grc' dir='ltr'><strong><em>τελευταῖοι.</em></strong></span> <span class='ocrx_word' id='word_1_52' title='bbox 1381 759 1560 825; x_wconf 76' lang='lat'>&lt;325&gt;</span> <span class='ocrx_word' id='word_1_53' title='bbox 1607 763 1810 829; x_wconf 81' lang='grc' dir='ltr'><strong><em>νομίζω</em></strong></span> <span class='ocrx_word' id='word_1_54' title='bbox 1852 757 1913 814; x_wconf 74' lang='grc' dir='ltr'><strong><em>δὲ</em></strong></span> 
     </span>
     <span class='ocr_line' id='line_1_9' title="bbox 224 845 1914 916; baseline -0.002 -16"><span class='ocrx_word' id='word_1_55' title='bbox 224 845 315 900; x_wconf 88' lang='grc' dir='ltr'><strong><em>καὶ</em></strong></span> <span class='ocrx_word' id='word_1_56' title='bbox 353 847 500 916; x_wconf 82' lang='grc' dir='ltr'><strong><em>παρὰ</em></strong></span> <span class='ocrx_word' id='word_1_57' title='bbox 538 851 679 899; x_wconf 82' lang='grc' dir='ltr'><strong><em>θεοῦ</em></strong></span> <span class='ocrx_word' id='word_1_58' title='bbox 702 846 923 913; x_wconf 82' lang='grc' dir='ltr'><strong><em>’ταύτην</em></strong></span> <span class='ocrx_word' id='word_1_59' title='bbox 961 845 1094 913; x_wconf 87' lang='grc' dir='ltr'><strong><em>ἡμῖν</em></strong></span> <span class='ocrx_word' id='word_1_60' title='bbox 1135 845 1404 898; x_wconf 79' lang='grc' dir='ltr'><strong><em>δεδόσθαι</em></strong></span> <span class='ocrx_word' id='word_1_61' title='bbox 1443 846 1632 914; x_wconf 89' lang='grc' dir='ltr'><strong><em>χάριν,</em></strong></span> <span class='ocrx_word' id='word_1_62' title='bbox 1676 856 1777 898; x_wconf 89' lang='grc' dir='ltr'><strong><em>τοῦ</em></strong></span> <span class='ocrx_word' id='word_1_63' title='bbox 1817 850 1914 897; x_wconf 84' lang='grc' dir='ltr'><strong><em>δύ-</em></strong></span> 
     </span>
     <span class='ocr_line' id='line_1_10' title="bbox 224 931 1915 1002; baseline -0.002 -14"><span class='ocrx_word' id='word_1_64' title='bbox 224 941 432 989; x_wconf 91' lang='grc' dir='ltr'><strong><em>νασθαι</em></strong></span> <span class='ocrx_word' id='word_1_65' title='bbox 472 938 650 996; x_wconf 84' lang='grc' dir='ltr'><strong><em>καλῶς</em></strong></span> <span class='ocrx_word' id='word_1_66' title='bbox 689 932 782 986; x_wconf 85' lang='grc' dir='ltr'><strong><em>καὶ</em></strong></span> <span class='ocrx_word' id='word_1_67' title='bbox 825 931 1134 1002; x_wconf 78' lang='grc' dir='ltr'><strong><em>ἐλευθέρως</em></strong></span> <span class='ocrx_word' id='word_1_68' title='bbox 1173 932 1505 1001; x_wconf 77' lang='grc' dir='ltr'><strong><em>ἀποθανεῖν,</em></strong></span> <span class='ocrx_word' id='word_1_69' title='bbox 1553 934 1685 1002; x_wconf 84' lang='grc' dir='ltr'><strong><em>ὅπερ</em></strong></span> <span class='ocrx_word' id='word_1_70' title='bbox 1724 934 1915 995; x_wconf 81' lang='grc' dir='ltr'><strong><em>ἄλλοις</em></strong></span> 
     </span>
     <span class='ocr_line' id='line_1_11' title="bbox 227 1018 1980 1091; baseline 0 -16"><span class='ocrx_word' id='word_1_71' title='bbox 227 1024 328 1076; x_wconf 85' lang='grc' dir='ltr'><strong><em>οὐκ</em></strong></span> <span class='ocrx_word' id='word_1_72' title='bbox 366 1020 582 1090; x_wconf 89' lang='grc' dir='ltr'><strong><em>ἐγένετο</em></strong></span> <span class='ocrx_word' id='word_1_73' title='bbox 620 1019 749 1088; x_wconf 83' lang='grc' dir='ltr'><strong><em>παρ’</em></strong></span> <span class='ocrx_word' id='word_1_74' title='bbox 789 1020 983 1074; x_wconf 84' lang='grc' dir='ltr'><strong><em>ἐλπίδα</em></strong></span> <span class='ocrx_word' id='word_1_75' title='bbox 1021 1025 1396 1091; x_wconf 90' lang='grc' dir='ltr'><strong><em>κρατηθεῖσιν.</em></strong></span> <span class='ocrx_word' id='word_1_76' title='bbox 1458 1021 1641 1090; x_wconf 81' lang='grc'>&lt;326&gt;</span> <span class='ocrx_word' id='word_1_77' title='bbox 1679 1021 1812 1090; x_wconf 90' lang='grc' dir='ltr'><strong><em>ἡμῖν</em></strong></span> <span class='ocrx_word' id='word_1_78' title='bbox 1853 1018 1913 1074; x_wconf 77' lang='grc' dir='ltr'><strong><em>δὲ</em></strong></span> <span class='ocrx_word' id='word_1_79' title='bbox 1937 1043 1980 1076; x_wconf 89' lang='lat'><strong><em>10</em></strong></span> 
     </span>
     <span class='ocr_line' id='line_1_12' title="bbox 223 1107 1913 1180; baseline -0.001 -16"><span class='ocrx_word' id='word_1_80' title='bbox 223 1112 499 1180; x_wconf 86' lang='grc' dir='ltr'><strong><em>πρόδηλος</em></strong></span> <span class='ocrx_word' id='word_1_81' title='bbox 544 1109 645 1178; x_wconf 90' lang='grc' dir='ltr'><strong><em>μέν</em></strong></span> <span class='ocrx_word' id='word_1_82' title='bbox 693 1109 843 1162; x_wconf 87' lang='grc' dir='ltr'><strong><em>ἐστιν</em></strong></span> <span class='ocrx_word' id='word_1_83' title='bbox 888 1109 922 1177; x_wconf 89' lang='grc' dir='ltr'><strong><em>ἡ</em></strong></span> <span class='ocrx_word' id='word_1_84' title='bbox 970 1109 1310 1178; x_wconf 76' lang='grc' dir='ltr'><strong><em>γενησομένη</em></strong></span> <span class='ocrx_word' id='word_1_85' title='bbox 1362 1107 1483 1178; x_wconf 87' lang='grc' dir='ltr'><strong><em>μεθ’</em></strong></span> <span class='ocrx_word' id='word_1_86' title='bbox 1523 1108 1734 1180; x_wconf 80' lang='grc' dir='ltr'><strong><em>ἡμέραν</em></strong></span> <span class='ocrx_word' id='word_1_87' title='bbox 1773 1111 1913 1163; x_wconf 78' lang='grc' dir='ltr'><strong><em>ἅλω-</em></strong></span> 
     </span>
    </p>
   </div>
   <div class='ocr_carea' id='block_1_3' title="bbox 132 1195 1913 1268">
    <p class='ocr_par' dir='ltr' id='par_1_3' title="bbox 132 1195 1913 1268">
     <span class='ocr_line' id='line_1_13' title="bbox 132 1195 1913 1268; baseline -0.003 -13"><span class='ocrx_word' id='word_1_88' title='bbox 132 1253 134 1256; x_wconf 78' lang='grc'><strong><em>,</em></strong></span> <span class='ocrx_word' id='word_1_89' title='bbox 226 1215 335 1268; x_wconf 86' lang='grc' dir='ltr'><strong><em>σις,</em></strong></span> <span class='ocrx_word' id='word_1_90' title='bbox 384 1197 651 1268; x_wconf 89' lang='grc' dir='ltr'><strong><em>ἐλευθέρα</em></strong></span> <span class='ocrx_word' id='word_1_91' title='bbox 700 1195 747 1251; x_wconf 86' lang='grc' dir='ltr'><strong><em>δ’</em></strong></span> <span class='ocrx_word' id='word_1_92' title='bbox 796 1198 829 1266; x_wconf 88' lang='grc' dir='ltr'><strong><em>ἡ</em></strong></span> <span class='ocrx_word' id='word_1_93' title='bbox 876 1206 976 1251; x_wconf 89' lang='grc' dir='ltr'><strong><em>τοῦ</em></strong></span> <span class='ocrx_word' id='word_1_94' title='bbox 1022 1200 1284 1265; x_wconf 76' lang='grc' dir='ltr'><strong><em>γενναίου</em></strong></span> <span class='ocrx_word' id='word_1_95' title='bbox 1331 1197 1583 1251; x_wconf 90' lang='grc' dir='ltr'><strong><em>θανάτου</em></strong></span> <span class='ocrx_word' id='word_1_96' title='bbox 1630 1198 1763 1266; x_wconf 81' lang='grc' dir='ltr'><strong><em>μετὰ</em></strong></span> <span class='ocrx_word' id='word_1_97' title='bbox 1800 1207 1913 1251; x_wconf 84' lang='grc' dir='ltr'><strong><em>τῶν</em></strong></span> 
     </span>
    </p>
   </div>
   <div class='ocr_carea' id='block_1_4' title="bbox 223 1282 2008 2599">
    <p class='ocr_par' dir='ltr' id='par_1_4' title="bbox 223 1282 2008 2599">
     <span class='ocr_line' id='line_1_14' title="bbox 223 1282 1913 1359; baseline -0.001 -17"><span class='ocrx_word' id='word_1_98' title='bbox 223 1289 502 1359; x_wconf 80' lang='grc' dir='ltr'><strong><em>φιλτάτων</em></strong></span> <span class='ocrx_word' id='word_1_99' title='bbox 540 1288 762 1356; x_wconf 82' lang='grc' dir='ltr'><strong><em>αἵρεσις.</em></strong></span> <span class='ocrx_word' id='word_1_100' title='bbox 839 1287 965 1340; x_wconf 82' lang='grc' dir='ltr'><strong><em>οὔτε</em></strong></span> <span class='ocrx_word' id='word_1_101' title='bbox 1005 1287 1109 1356; x_wconf 84' lang='grc' dir='ltr'><strong><em>γὰρ</em></strong></span> <span class='ocrx_word' id='word_1_102' title='bbox 1149 1282 1296 1339; x_wconf 84' lang='grc' dir='ltr'><strong><em>τοῦτ’</em></strong></span> <span class='ocrx_word' id='word_1_103' title='bbox 1340 1285 1686 1339; x_wconf 86' lang='grc' dir='ltr'><strong><em>ἀποκωλύειν</em></strong></span> <span class='ocrx_word' id='word_1_104' title='bbox 1724 1286 1784 1339; x_wconf 79' lang='lat' dir='ltr'><strong><em>oc</em></strong></span> <span class='ocrx_word' id='word_1_105' title='bbox 1815 1304 1913 1340; x_wconf 91' lang='grc' dir='ltr'><strong><em>πο-</em></strong></span> 
     </span>
     <span class='ocr_line' id='line_1_15' title="bbox 223 1374 1914 1446; baseline -0.001 -16"><span class='ocrx_word' id='word_1_106' title='bbox 223 1376 402 1446; x_wconf 88' lang='grc' dir='ltr'><strong><em>λέμιοι</em></strong></span> <span class='ocrx_word' id='word_1_107' title='bbox 442 1377 709 1429; x_wconf 89' lang='grc' dir='ltr'><strong><em>δύνανται</em></strong></span> <span class='ocrx_word' id='word_1_108' title='bbox 748 1375 966 1437; x_wconf 91' lang='grc' dir='ltr'><strong><em>πάντως</em></strong></span> <span class='ocrx_word' id='word_1_109' title='bbox 1005 1375 1294 1444; x_wconf 83' lang='grc' dir='ltr'><strong><em>εὐχόμενοι</em></strong></span> <span class='ocrx_word' id='word_1_110' title='bbox 1336 1377 1537 1439; x_wconf 83' lang='grc' dir='ltr'><strong><em>ζῶντας</em></strong></span> <span class='ocrx_word' id='word_1_111' title='bbox 1569 1374 1713 1444; x_wconf 79' lang='grc' dir='ltr'><strong><em>ἡμᾶς</em></strong></span> <span class='ocrx_word' id='word_1_112' title='bbox 1741 1392 1914 1444; x_wconf 90' lang='grc' dir='ltr'><strong><em>παρα-</em></strong></span> 
     </span>
     <span class='ocr_line' id='line_1_16' title="bbox 223 1462 1980 1534; baseline -0.001 -15"><span class='ocrx_word' id='word_1_113' title='bbox 223 1470 448 1534; x_wconf 81' lang='grc' dir='ltr'><strong><em>λαβεῖν,</em></strong></span> <span class='ocrx_word' id='word_1_114' title='bbox 518 1462 643 1518; x_wconf 82' lang='grc' dir='ltr'><strong><em>οῦθ’</em></strong></span> <span class='ocrx_word' id='word_1_115' title='bbox 706 1463 860 1533; x_wconf 81' lang='grc' dir='ltr'><strong><em>ἡμεῖς</em></strong></span> <span class='ocrx_word' id='word_1_116' title='bbox 921 1462 1168 1526; x_wconf 84' lang='grc' dir='ltr'><strong><em>ἐκείνους</em></strong></span> <span class='ocrx_word' id='word_1_117' title='bbox 1229 1465 1307 1516; x_wconf 86' lang='grc' dir='ltr'><strong><em>ε”τι</em></strong></span> <span class='ocrx_word' id='word_1_118' title='bbox 1368 1470 1532 1516; x_wconf 86' lang='grc' dir='ltr'><strong><em>νικᾶν</em></strong></span> <span class='ocrx_word' id='word_1_119' title='bbox 1597 1465 1911 1532; x_wconf 87' lang='grc' dir='ltr'><strong><em>μαχόμενοι.</em></strong></span> <span class='ocrx_word' id='word_1_120' title='bbox 1938 1484 1980 1517; x_wconf 89' lang='lat'><strong><em>15</em></strong></span> 
     </span>
     <span class='ocr_line' id='line_1_17' title="bbox 224 1550 1915 1623; baseline -0.002 -16"><span class='ocrx_word' id='word_1_121' title='bbox 224 1555 407 1623; x_wconf 76' lang='lat'>(327)</span> <span class='ocrx_word' id='word_1_122' title='bbox 462 1555 573 1606; x_wconf 82' lang='grc' dir='ltr'><strong><em>ἔδει</em></strong></span> <span class='ocrx_word' id='word_1_123' title='bbox 627 1550 729 1622; x_wconf 74' lang='grc' dir='ltr'><strong><em>μὲν</em></strong></span> <span class='ocrx_word' id='word_1_124' title='bbox 781 1554 885 1622; x_wconf 80' lang='grc' dir='ltr'><strong><em>γὰρ</em></strong></span> <span class='ocrx_word' id='word_1_125' title='bbox 939 1553 1115 1615; x_wconf 84' lang='grc' dir='ltr'><strong><em>εὐθὺς</em></strong></span> <span class='ocrx_word' id='word_1_126' title='bbox 1165 1558 1296 1615; x_wconf 82' lang='grc' dir='ltr'><strong><em>ἴσως</em></strong></span> <span class='ocrx_word' id='word_1_127' title='bbox 1344 1551 1398 1616; x_wconf 81' lang='grc' dir='ltr'><strong><em>ἐξ</em></strong></span> <span class='ocrx_word' id='word_1_128' title='bbox 1446 1551 1638 1621; x_wconf 74' lang='grc' dir='ltr'><strong><em>ἀρχῆς,</em></strong></span> <span class='ocrx_word' id='word_1_129' title='bbox 1685 1551 1774 1604; x_wconf 82' lang='grc' dir='ltr'><strong><em>ὅτε</em></strong></span> <span class='ocrx_word' id='word_1_130' title='bbox 1819 1559 1915 1620; x_wconf 79' lang='grc' dir='ltr'><strong><em>τῆς</em></strong></span> 
     </span>
     <span class='ocr_line' id='line_1_18' title="bbox 225 1638 1914 1711; baseline -0.002 -15"><span class='ocrx_word' id='word_1_131' title='bbox 225 1642 544 1711; x_wconf 81' lang='grc' dir='ltr'><strong><em>ἐλευθερίας</em></strong></span> <span class='ocrx_word' id='word_1_132' title='bbox 597 1641 731 1710; x_wconf 85' lang='grc' dir='ltr'><strong><em>ἡμῖν</em></strong></span> <span class='ocrx_word' id='word_1_133' title='bbox 788 1640 1198 1694; x_wconf 89' lang='grc' dir='ltr'><strong><em>ἀντιποιεῖσθαι</em></strong></span> <span class='ocrx_word' id='word_1_134' title='bbox 1259 1643 1532 1709; x_wconf 87' lang='grc' dir='ltr'><strong><em>θελήσασι</em></strong></span> <span class='ocrx_word' id='word_1_135' title='bbox 1593 1641 1770 1693; x_wconf 89' lang='grc' dir='ltr'><strong><em>πάντα</em></strong></span> <span class='ocrx_word' id='word_1_136' title='bbox 1823 1638 1914 1693; x_wconf 87' lang='grc' dir='ltr'><strong><em>καὶ</em></strong></span> 
     </span>
     <span class='ocr_line' id='line_1_19' title="bbox 223 1727 1914 1800; baseline -0.001 -16"><span class='ocrx_word' id='word_1_137' title='bbox 223 1730 348 1800; x_wconf 84' lang='grc' dir='ltr'><strong><em>παρ’</em></strong></span> <span class='ocrx_word' id='word_1_138' title='bbox 396 1730 652 1799; x_wconf 87' lang='grc' dir='ltr'><strong><em>ἀλλήλων</em></strong></span> <span class='ocrx_word' id='word_1_139' title='bbox 699 1729 962 1799; x_wconf 85' lang='grc' dir='ltr'><strong><em>ἀπέβαινε</em></strong></span> <span class='ocrx_word' id='word_1_140' title='bbox 1008 1731 1216 1800; x_wconf 78' lang='grc' dir='ltr'><strong><em>χαλεπὰ</em></strong></span> <span class='ocrx_word' id='word_1_141' title='bbox 1261 1727 1353 1782; x_wconf 82' lang='grc' dir='ltr'><strong><em>καὶ</em></strong></span> <span class='ocrx_word' id='word_1_142' title='bbox 1399 1730 1546 1799; x_wconf 81' lang='grc' dir='ltr'><strong><em>παρὰ</em></strong></span> <span class='ocrx_word' id='word_1_143' title='bbox 1596 1738 1708 1782; x_wconf 83' lang='grc' dir='ltr'><strong><em>τῶν</em></strong></span> <span class='ocrx_word' id='word_1_144' title='bbox 1753 1733 1914 1783; x_wconf 86' lang='grc' dir='ltr'><strong><em>πολε-</em></strong></span> 
     </span>
     <span class='ocr_line' id='line_1_20' title="bbox 223 1816 1915 1889; baseline -0.002 -16"><span class='ocrx_word' id='word_1_145' title='bbox 223 1823 366 1889; x_wconf 90' lang='grc' dir='ltr'><strong><em>μίων</em></strong></span> <span class='ocrx_word' id='word_1_146' title='bbox 416 1823 605 1889; x_wconf 91' lang='grc' dir='ltr'><strong><em>χείρω,</em></strong></span> <span class='ocrx_word' id='word_1_147' title='bbox 651 1826 748 1887; x_wconf 83' lang='grc' dir='ltr'><strong><em>τῆς</em></strong></span> <span class='ocrx_word' id='word_1_148' title='bbox 793 1827 893 1872; x_wconf 90' lang='grc' dir='ltr'><strong><em>τοῦ</em></strong></span> <span class='ocrx_word' id='word_1_149' title='bbox 940 1824 1082 1872; x_wconf 85' lang='grc' dir='ltr'><strong><em>θεοῦ</em></strong></span> <span class='ocrx_word' id='word_1_150' title='bbox 1128 1819 1352 1887; x_wconf 74' lang='grc' dir='ltr'><strong><em>γνώμης</em></strong></span> <span class='ocrx_word' id='word_1_151' title='bbox 1391 1818 1778 1888; x_wconf 83' lang='grc' dir='ltr'><strong><em>στοχάζεσθαι,</em></strong></span> <span class='ocrx_word' id='word_1_152' title='bbox 1822 1816 1915 1870; x_wconf 88' lang='grc' dir='ltr'><strong><em>καὶ</em></strong></span> 
     </span>
     <span class='ocr_line' id='line_1_21' title="bbox 223 1904 1981 1979; baseline -0.001 -17"><span class='ocrx_word' id='word_1_153' title='bbox 223 1910 554 1977; x_wconf 85' lang='grc' dir='ltr'><strong><em>γιγνώσκειν</em></strong></span> <span class='ocrx_word' id='word_1_154' title='bbox 594 1909 677 1961; x_wconf 82' lang='grc' dir='ltr'><strong><em>ὅτι</em></strong></span> <span class='ocrx_word' id='word_1_155' title='bbox 715 1910 778 1962; x_wconf 90' lang='grc' dir='ltr'><strong><em>τὸ</em></strong></span> <span class='ocrx_word' id='word_1_156' title='bbox 817 1908 986 1961; x_wconf 90' lang='grc' dir='ltr'><strong><em>πάλαι</em></strong></span> <span class='ocrx_word' id='word_1_157' title='bbox 1025 1911 1195 1977; x_wconf 88' lang='grc' dir='ltr'><strong><em>φίλον</em></strong></span> <span class='ocrx_word' id='word_1_158' title='bbox 1226 1907 1373 1979; x_wconf 76' lang='grc' dir='ltr'><strong><em>αὐτῷ</em></strong></span> <span class='ocrx_word' id='word_1_159' title='bbox 1410 1911 1592 1976; x_wconf 91' lang='grc' dir='ltr'><strong><em>φῦλον</em></strong></span> <span class='ocrx_word' id='word_1_160' title='bbox 1625 1904 1915 1959; x_wconf 88' lang='grc' dir='ltr'><strong><em>Ἰουδαίων</em></strong></span> <span class='ocrx_word' id='word_1_161' title='bbox 1938 1929 1981 1960; x_wconf 81' lang='lat'><strong><em>20</em></strong></span> 
     </span>
     <span class='ocr_line' id='line_1_22' title="bbox 223 1994 2008 2067; baseline -0.002 -17"><span class='ocrx_word' id='word_1_162' title='bbox 223 1997 501 2050; x_wconf 81' lang='grc' dir='ltr'><strong><em>ἀπώλειαν</em></strong></span> <span class='ocrx_word' id='word_1_163' title='bbox 547 1996 911 2065; x_wconf 85' lang='grc' dir='ltr'><strong><em>κατέγνωστο·</em></strong></span> <span class='ocrx_word' id='word_1_164' title='bbox 989 1997 1171 2067; x_wconf 81' lang='grc'>&lt;328&gt;</span> <span class='ocrx_word' id='word_1_165' title='bbox 1211 1995 1396 2065; x_wconf 91' lang='grc' dir='ltr'><strong><em>μένων</em></strong></span> <span class='ocrx_word' id='word_1_166' title='bbox 1434 1996 1539 2064; x_wconf 84' lang='grc' dir='ltr'><strong><em>γὰρ</em></strong></span> <span class='ocrx_word' id='word_1_167' title='bbox 1580 1994 1838 2064; x_wconf 82' lang='grc' dir='ltr'><strong><em>εὐμενής,</em></strong></span> <span class='ocrx_word' id='word_1_168' title='bbox 1878 1995 1911 2064; x_wconf 79' lang='grc' dir='ltr'>ἢ</span> <span class='ocrx_word' id='word_1_169' title='bbox 2005 2054 2008 2058; x_wconf 43' lang='grc'><strong><em>,</em></strong></span> 
     </span>
     <span class='ocr_line' id='line_1_23' title="bbox 224 2084 1913 2156; baseline -0.002 -17"><span class='ocrx_word' id='word_1_170' title='bbox 224 2089 454 2156; x_wconf 89' lang='grc' dir='ltr'><strong><em>μετρίως</em></strong></span> <span class='ocrx_word' id='word_1_171' title='bbox 503 2094 642 2153; x_wconf 89' lang='grc' dir='ltr'><strong><em>γοῦν</em></strong></span> <span class='ocrx_word' id='word_1_172' title='bbox 692 2085 825 2154; x_wconf 89' lang='grc' dir='ltr'><strong><em>ἡμῖν</em></strong></span> <span class='ocrx_word' id='word_1_173' title='bbox 876 2084 1294 2155; x_wconf 86' lang='grc' dir='ltr'><strong><em>ἀπηχθημένος,</em></strong></span> <span class='ocrx_word' id='word_1_174' title='bbox 1349 2085 1451 2138; x_wconf 89' lang='grc' dir='ltr'><strong><em>οὐκ</em></strong></span> <span class='ocrx_word' id='word_1_175' title='bbox 1506 2084 1575 2137; x_wconf 76' lang='grc' dir='ltr'><strong><em>ἂν</em></strong></span> <span class='ocrx_word' id='word_1_176' title='bbox 1629 2085 1913 2137; x_wconf 89' lang='grc' dir='ltr'><strong><em>τοσούτων</em></strong></span> 
     </span>
     <span class='ocr_line' id='line_1_24' title="bbox 223 2169 1913 2244; baseline -0.002 -16"><span class='ocrx_word' id='word_1_177' title='bbox 223 2172 326 2244; x_wconf 73' lang='grc' dir='ltr'><strong><em>μὲν</em></strong></span> <span class='ocrx_word' id='word_1_178' title='bbox 373 2174 688 2243; x_wconf 82' lang='grc' dir='ltr'><strong><em>ἀνθρώπων</em></strong></span> <span class='ocrx_word' id='word_1_179' title='bbox 734 2175 1012 2243; x_wconf 88' lang='grc' dir='ltr'><strong><em>περιεῖδεν</em></strong></span> <span class='ocrx_word' id='word_1_180' title='bbox 1061 2175 1328 2243; x_wconf 79' lang='grc' dir='ltr'><strong><em>ὄλεθρον,</em></strong></span> <span class='ocrx_word' id='word_1_181' title='bbox 1378 2174 1656 2243; x_wconf 86' lang='grc' dir='ltr'><strong><em>προήκατο</em></strong></span> <span class='ocrx_word' id='word_1_182' title='bbox 1705 2169 1766 2225; x_wconf 79' lang='grc' dir='ltr'><strong><em>δὲ</em></strong></span> <span class='ocrx_word' id='word_1_183' title='bbox 1811 2173 1913 2241; x_wconf 84' lang='grc' dir='ltr'><strong><em>τὴν</em></strong></span> 
     </span>
     <span class='ocr_line' id='line_1_25' title="bbox 227 2261 1913 2333; baseline -0.002 -17"><span class='ocrx_word' id='word_1_184' title='bbox 227 2263 524 2331; x_wconf 77' lang='grc' dir='ltr'><strong><em>ἱερωτάτην</em></strong></span> <span class='ocrx_word' id='word_1_185' title='bbox 549 2263 720 2316; x_wconf 83' lang='grc' dir='ltr'><strong><em>αὑτοῦ</em></strong></span> <span class='ocrx_word' id='word_1_186' title='bbox 743 2265 909 2315; x_wconf 87' lang='grc' dir='ltr'><strong><em>πόλιν</em></strong></span> <span class='ocrx_word' id='word_1_187' title='bbox 934 2261 1068 2333; x_wconf 91' lang='grc' dir='ltr'><strong><em>πυρὶ</em></strong></span> <span class='ocrx_word' id='word_1_188' title='bbox 1092 2261 1185 2315; x_wconf 84' lang='grc' dir='ltr'><strong><em>καὶ</em></strong></span> <span class='ocrx_word' id='word_1_189' title='bbox 1216 2271 1589 2332; x_wconf 83' lang='grc' dir='ltr'><strong><em>κατασκαφαῖς</em></strong></span> <span class='ocrx_word' id='word_1_190' title='bbox 1618 2264 1913 2330; x_wconf 88' lang='grc' dir='ltr'><strong><em>πολεμίων.</em></strong></span> 
     </span>
     <span class='ocr_line' id='line_1_26' title="bbox 225 2347 1982 2421; baseline -0.001 -17"><span class='ocrx_word' id='word_1_191' title='bbox 225 2352 408 2420; x_wconf 77' lang='grc'>(329)</span> <span class='ocrx_word' id='word_1_192' title='bbox 454 2351 610 2420; x_wconf 80' lang='grc' dir='ltr'><strong><em>ἡμεῖς</em></strong></span> <span class='ocrx_word' id='word_1_193' title='bbox 657 2349 705 2404; x_wconf 90' lang='grc' dir='ltr'><strong><em>δ’</em></strong></span> <span class='ocrx_word' id='word_1_194' title='bbox 746 2352 851 2421; x_wconf 76' lang='grc' dir='ltr'><strong><em>ἄρα</em></strong></span> <span class='ocrx_word' id='word_1_195' title='bbox 896 2349 988 2404; x_wconf 87' lang='grc' dir='ltr'><strong><em>καὶ</em></strong></span> <span class='ocrx_word' id='word_1_196' title='bbox 1035 2354 1198 2420; x_wconf 90' lang='grc' dir='ltr'><strong><em>μόνοι</em></strong></span> <span class='ocrx_word' id='word_1_197' title='bbox 1243 2358 1343 2404; x_wconf 91' lang='grc' dir='ltr'><strong><em>τοῦ</em></strong></span> <span class='ocrx_word' id='word_1_198' title='bbox 1389 2351 1592 2413; x_wconf 91' lang='grc' dir='ltr'><strong><em>παντὸς</em></strong></span> <span class='ocrx_word' id='word_1_199' title='bbox 1624 2347 1912 2403; x_wconf 88' lang='grc' dir='ltr'><strong><em>Ἰουδαίων</em></strong></span> <span class='ocrx_word' id='word_1_200' title='bbox 1937 2370 1982 2403; x_wconf 84' lang='lat'><strong><em>25</em></strong></span> 
     </span>
     <span class='ocr_line' id='line_1_27' title="bbox 223 2438 1914 2509; baseline -0.002 -16"><span class='ocrx_word' id='word_1_201' title='bbox 223 2440 423 2509; x_wconf 88' lang='grc' dir='ltr'><strong><em>γένους</em></strong></span> <span class='ocrx_word' id='word_1_202' title='bbox 467 2440 775 2509; x_wconf 85' lang='grc' dir='ltr'><strong><em>ἠλπίσαμεν</em></strong></span> <span class='ocrx_word' id='word_1_203' title='bbox 820 2439 1177 2508; x_wconf 90' lang='grc' dir='ltr'><strong><em>περιέσεσθαι</em></strong></span> <span class='ocrx_word' id='word_1_204' title='bbox 1223 2441 1325 2509; x_wconf 83' lang='grc' dir='ltr'><strong><em>τὴν</em></strong></span> <span class='ocrx_word' id='word_1_205' title='bbox 1372 2438 1700 2509; x_wconf 83' lang='grc' dir='ltr'><strong><em>ἐλευθερίαν</em></strong></span> <span class='ocrx_word' id='word_1_206' title='bbox 1737 2439 1914 2507; x_wconf 88' lang='grc' dir='ltr'><strong><em>φυλά-</em></strong></span> 
     </span>
     <span class='ocr_line' id='line_1_28' title="bbox 225 2528 1914 2599; baseline -0.001 -17"><span class='ocrx_word' id='word_1_207' title='bbox 225 2530 437 2598; x_wconf 83' lang='grc' dir='ltr'><strong><em>ξαντες,</em></strong></span> <span class='ocrx_word' id='word_1_208' title='bbox 489 2530 670 2598; x_wconf 84' lang='grc' dir='ltr'><strong><em>ὥσπερ</em></strong></span> <span class='ocrx_word' id='word_1_209' title='bbox 718 2528 1090 2597; x_wconf 90' lang='grc' dir='ltr'><strong><em>ἀναμάρτητοι</em></strong></span> <span class='ocrx_word' id='word_1_210' title='bbox 1135 2530 1273 2599; x_wconf 89' lang='grc' dir='ltr'><strong><em>πρὸς</em></strong></span> <span class='ocrx_word' id='word_1_211' title='bbox 1311 2529 1407 2581; x_wconf 90' lang='grc' dir='ltr'><strong><em>τὸν</em></strong></span> <span class='ocrx_word' id='word_1_212' title='bbox 1444 2528 1585 2581; x_wconf 90' lang='grc' dir='ltr'><strong><em>θεὸν</em></strong></span> <span class='ocrx_word' id='word_1_213' title='bbox 1623 2529 1914 2596; x_wconf 91' lang='grc' dir='ltr'><strong><em>γενόμενοι</em></strong></span> 
     </span>
    </p>
   </div>
   <div class='ocr_carea' id='block_1_5' title="bbox 129 2614 1915 2687">
    <p class='ocr_par' dir='ltr' id='par_1_5' title="bbox 129 2614 1915 2687">
     <span class='ocr_line' id='line_1_29' title="bbox 129 2614 1915 2687; baseline -0.002 -16"><span class='ocrx_word' id='word_1_214' title='bbox 129 2669 132 2671; x_wconf 85' lang='grc'><strong><em>,</em></strong></span> <span class='ocrx_word' id='word_1_215' title='bbox 223 2617 314 2671; x_wconf 86' lang='grc' dir='ltr'><strong><em>καὶ</em></strong></span> <span class='ocrx_word' id='word_1_216' title='bbox 354 2619 621 2687; x_wconf 83' lang='grc' dir='ltr'><strong><em>μηδεμιᾶς</em></strong></span> <span class='ocrx_word' id='word_1_217' title='bbox 665 2621 1026 2687; x_wconf 86' lang='grc' dir='ltr'><strong><em>μετασχόντες</em></strong></span> <span class='ocrx_word' id='word_1_218' title='bbox 1070 2617 1516 2687; x_wconf 88' lang='grc' dir='ltr'><strong><em>&lt;παρανομίας&gt;,</em></strong></span> <span class='ocrx_word' id='word_1_219' title='bbox 1563 2619 1622 2669; x_wconf 82' lang='grc' dir='ltr'><strong><em>οἳ</em></strong></span> <span class='ocrx_word' id='word_1_220' title='bbox 1655 2614 1746 2668; x_wconf 86' lang='grc' dir='ltr'><strong><em>καὶ</em></strong></span> <span class='ocrx_word' id='word_1_221' title='bbox 1783 2618 1915 2678; x_wconf 88' lang='grc' dir='ltr'><strong><em>τοὺς</em></strong></span> 
     </span>
    </p>
   </div>
   <div class='ocr_carea' id='block_1_6' title="bbox 224 2704 1982 2952">
    <p class='ocr_par' dir='ltr' id='par_1_6' title="bbox 224 2704 1982 2952">
     <span class='ocr_line' id='line_1_30' title="bbox 224 2704 1916 2776; baseline -0.001 -18"><span class='ocrx_word' id='word_1_222' title='bbox 224 2707 428 2770; x_wconf 76' lang='grc' dir='ltr'><strong><em>ἄλλους</em></strong></span> <span class='ocrx_word' id='word_1_223' title='bbox 466 2705 808 2775; x_wconf 79' lang='grc' dir='ltr'><strong><em>ἐδιδάξαμεν.</em></strong></span> <span class='ocrx_word' id='word_1_224' title='bbox 870 2706 1053 2774; x_wconf 90' lang='grc' dir='ltr'>&lt;33Ο&gt;</span> <span class='ocrx_word' id='word_1_225' title='bbox 1093 2713 1392 2776; x_wconf 85' lang='grc' dir='ltr'><strong><em>τοιγαροῦν</em></strong></span> <span class='ocrx_word' id='word_1_226' title='bbox 1431 2706 1590 2775; x_wconf 86' lang='grc' dir='ltr'><strong><em>ὁρᾶτε</em></strong></span> <span class='ocrx_word' id='word_1_227' title='bbox 1629 2714 1743 2768; x_wconf 83' lang='grc' dir='ltr'><strong><em>πῶς</em></strong></span> <span class='ocrx_word' id='word_1_228' title='bbox 1774 2704 1916 2773; x_wconf 79' lang='grc' dir='ltr'><strong><em>ἡμᾶς</em></strong></span> 
     </span>
     <span class='ocr_line' id='line_1_31' title="bbox 224 2792 1982 2865; baseline -0.001 -18"><span class='ocrx_word' id='word_1_229' title='bbox 224 2793 432 2865; x_wconf 88' lang='grc' dir='ltr'><strong><em>ἐλέγχει</em></strong></span> <span class='ocrx_word' id='word_1_230' title='bbox 480 2795 679 2864; x_wconf 91' lang='grc' dir='ltr'><strong><em>μάταια</em></strong></span> <span class='ocrx_word' id='word_1_231' title='bbox 726 2796 1239 2864; x_wconf 85' lang='grc' dir='ltr'><strong><em>προσδοκήσαντας,</em></strong></span> <span class='ocrx_word' id='word_1_232' title='bbox 1284 2797 1570 2863; x_wconf 88' lang='grc' dir='ltr'><strong><em>κρείττονα</em></strong></span> <span class='ocrx_word' id='word_1_233' title='bbox 1615 2804 1726 2846; x_wconf 85' lang='grc' dir='ltr'><strong><em>τῶν</em></strong></span> <span class='ocrx_word' id='word_1_234' title='bbox 1767 2792 1913 2846; x_wconf 57' lang='grc' dir='ltr'><strong><em>ἐλπίτ</em></strong></span> <span class='ocrx_word' id='word_1_235' title='bbox 1937 2814 1982 2845; x_wconf 87' lang='lat'><strong><em>30</em></strong></span> 
     </span>
     <span class='ocr_line' id='line_1_32' title="bbox 226 2881 1914 2952; baseline -0.001 -17"><span class='ocrx_word' id='word_1_236' title='bbox 226 2884 342 2936; x_wconf 91' lang='grc' dir='ltr'><strong><em>δων</em></strong></span> <span class='ocrx_word' id='word_1_237' title='bbox 388 2885 490 2952; x_wconf 86' lang='grc' dir='ltr'><strong><em>τὴν</em></strong></span> <span class='ocrx_word' id='word_1_238' title='bbox 537 2883 597 2937; x_wconf 83' lang='grc' dir='ltr'><strong><em>ἐν</em></strong></span> <span class='ocrx_word' id='word_1_239' title='bbox 643 2893 760 2947; x_wconf 87' lang='grc' dir='ltr'><strong><em>τοῖς</em></strong></span> <span class='ocrx_word' id='word_1_240' title='bbox 807 2884 1011 2946; x_wconf 86' lang='grc' dir='ltr'><strong><em>δεινοῖς</em></strong></span> <span class='ocrx_word' id='word_1_241' title='bbox 1061 2882 1317 2952; x_wconf 50' lang='grc' dir='ltr'><strong><em>ἀνάγκην,</em></strong></span> <span class='ocrx_word' id='word_1_242' title='bbox 1356 2881 1663 2950; x_wconf 85' lang='grc' dir='ltr'><strong><em>ἐπαγαγών.</em></strong></span> <span class='ocrx_word' id='word_1_243' title='bbox 1732 2882 1914 2950; x_wconf 86' lang='grc'>&lt;331&gt;</span> 
     </span>
    </p>
   </div>
  </div>
 </body>
</html>
