2032 3128
692 124 901 166 ΛοΓοΣ
933 125 1254 166 ΠΡΟΤΕΡΟΣ
1710 120 1819 172 233

144 258 366 328 ἐχθροῖς
411 254 511 326 μὲν
557 257 725 310 πάλαι
763 258 830 309 τὰ
876 255 937 309 δὲ
984 259 1206 325 σώματα
1252 256 1676 326 λελωβημένοις,
1724 257 1821 319 οὓς

143 343 280 416 μηδὲ
333 355 444 399 τῶν
498 347 716 398 οἰκείων
771 343 954 408 οὐδεὶς
1005 344 1264 414 ὑπέμενε,
1325 346 1539 408 τούτοις
1592 347 1822 414 ἔμελλον

141 434 674 502 παρακινδυνεύσειν
702 437 1069 503 βοηθοῦντες;
1102 433 1169 487 οὐ
1202 435 1306 502 γὰρ
1341 435 1408 503 δή
1442 453 1502 502 γε
1535 436 1632 487 τὸν
1664 452 1822 502 γενη-

143 526 379 591 σόμενον
406 520 722 593 προῄδεσαν
748 523 996 592 δρασμὸν
1023 530 1122 575 τοῦ
1154 521 1434 590 βασιλέως.
1488 522 1668 590 <274>
1697 521 1822 575 τού-

97 637 117 668 5
142 614 367 664 ναντίον
407 611 511 680 γὰρ
551 611 716 673 αὐτὸς
753 615 970 679 εἴρηκεν
1010 610 1083 673 ὡς
1123 610 1151 663 ὁ
1191 620 1318 673 παῖς
1354 619 1454 664 τοῦ
1485 607 1823 679 Ἀμενώφιος

141 699 433 767 τριάκοντα
464 698 736 767 μυριάδας
768 700 907 769 ἔχων
934 700 1011 761 εἰς
1042 700 1102 751 τὸ
1128 699 1451 766 Πηλούσιον
1482 698 1824 766 ὑπηντίαζεν.

140 786 231 840 καὶ
270 796 432 841 τοῦτο
464 784 565 856 μὲν
597 785 826 857 ᾔδεισαν
858 787 1074 848 πάντως
1106 787 1164 838 οἰ
1190 789 1682 855 παραγιγνόμενοι·
1722 788 1823 854 τὴν

143 873 203 929 δὲ
257 875 551 944 μετάνοιαν
600 874 772 927 αὐτοῦ
825 873 916 927 καὶ
969 876 1071 943 τὴν
1118 876 1305 944 φυγὴν
1359 878 1539 928 πόθεν
1593 875 1825 939 εἰκάζειν

141 965 391 1032 ἔμελλον;
433 962 613 1032 <275>
637 965 819 1016 ἔπειτα
849 964 1228 1033 κρατήσαντας
1258 977 1394 1032 φησι
1419 971 1514 1031 τῆς
1537 964 1825 1032 Αἰγύπτου

76 1080 116 1110 10
140 1052 315 1105 πολλὰ
355 1050 444 1104 καὶ
484 1053 641 1105 δεινὰ
681 1053 820 1120 δρᾶν
859 1055 989 1115 τοὺς
1028 1051 1087 1105 ἐκ
1125 1061 1236 1105 τῶν
1273 1050 1672 1121 Ἱεροσολύμων
1714 1051 1826 1104 ἐπι-

143 1141 591 1210 στρατεύσαντας,
628 1138 721 1193 καὶ
758 1138 885 1206 περὶ
922 1140 1134 1193 τούτων
1175 1140 1429 1204 ὀνειδίζει
1467 1139 1718 1209 καθάπερ
1759 1140 1827 1192 οὐ

141 1233 436 1297 πολεμίους
483 1228 670 1292 αὐτοῖς
714 1227 1022 1297 ἐπαγαγών,
1068 1228 1102 1298 ἢ
1143 1226 1272 1281 δέον
1311 1237 1426 1290 τοῖς
1465 1227 1675 1292 ἔξωθεν
1716 1228 1828 1281 ε’πι-

142 1322 432 1386 κληθεῖσιν
494 1316 762 1386 ἐγκαλεῖν,
824 1317 987 1371 ὁπότε
1048 1325 1219 1370 ταῦτα
1279 1318 1384 1383 πρὸ
1446 1324 1541 1385 τῆς
1602 1316 1828 1370 ἐκείνων

144 1405 378 1475 ἀφίξεως
417 1408 701 1475 ἔπραττον,
740 1404 832 1460 καὶ
870 1405 1097 1476 πράξειν
1138 1406 1509 1475 ὠμωμόκεσαν
1548 1405 1607 1459 οἱ
1639 1407 1701 1459 τὸ
1742 1404 1830 1473 γε’-

78 1519 119 1551 15
144 1514 241 1557 νος
270 1495 581 1562 Αἰγύπτιοι.
642 1496 822 1563 <276>
854 1494 993 1548 ἀλλὰ
1030 1492 1122 1547 καὶ
1160 1496 1384 1565 χρόνοις
1412 1494 1648 1563 ὕστερον
1679 1492 1831 1562 Ἀμέ-

143 1603 321 1653 νωφις
360 1582 614 1636 ἐπελθὼν
653 1583 869 1652 ἐνίκησε
909 1583 1071 1653 μάχῃ,
1110 1581 1200 1636 καὶ
1239 1586 1469 1636 κτείνων
1503 1585 1634 1645 τοὺς
1671 1586 1830 1636 πολε-

143 1675 303 1740 μίους
333 1671 491 1743 μέχρι
523 1680 618 1742 τῆς
648 1675 861 1742 Συρίας
891 1673 1110 1741 ἤλασεν.
1170 1672 1313 1726 οὕτω
1347 1672 1451 1741 γὰρ
1483 1671 1832 1725 παντάπασίν

144 1760 294 1814 ἐστιν
318 1759 350 1828 ἡ
376 1765 657 1828 Αἴγυπτος
687 1770 803 1823 τοῖς
835 1760 1328 1829 ὁποθενδηποτοῦν
1354 1759 1607 1836 ἐπιοῦσιν
1632 1759 1831 1813 εὐάλω-

143 1866 260 1912 τος·
300 1849 482 1918 <277>
520 1847 612 1902 καὶ
650 1850 708 1902 oc
740 1851 862 1903 τότε
894 1847 1114 1922 πολέμῳ
1145 1857 1475 1918 κρατοῦντες
1506 1848 1696 1917 αὐτήν,
1737 1852 1832 1917 ζῆν

7 1935 13 1937 ’
77 1962 120 1993 20
143 1939 564 2006 πυνθανόμενοι
602 1938 700 1992 τὸν
738 1932 1066 2007 Ἀμένωφιν,
1106 1937 1232 1990 οὔτε
1272 1937 1367 2000 τὰς
1406 1936 1464 1990 ἐκ
1502 1944 1597 2006 τῆς
1634 1938 1834 1992 Αἰθιο-

144 2028 271 2089 πίας
303 2025 539 2095 ἐμβολὰς
574 2026 895 2095 ὠχύρωσαν,
932 2026 1145 2093 πολλὴν
1178 2027 1256 2088 εἰς
1286 2034 1449 2079 τοῦτο
1480 2025 1833 2094 παρασκευὴν

145 2117 385 2183 ἔχοντες,
436 2114 563 2167 οὔτε
610 2113 711 2182 τὴν
758 2114 932 2183 ἄλλην
979 2113 1285 2182 ἡτοίμασαν
1332 2114 1586 2184 δύναμιν.
1666 2114 1722 2168 ξὃ
1771 2113 1833 2168 δὲ

144 2201 235 2256 καὶ
285 2201 442 2272 μέχρι
489 2209 587 2271 τῆς
630 2205 844 2273 Συρίας
889 2202 1162 2271 ἀναιρῶν’
1210 2205 1385 2271 φησίν
1431 2201 1660 2266 (αὐτοὺς
1706 2204 1833 2273 ἠκο-

146 2294 392 2362 λούθησε
435 2291 527 2344 διὰ
566 2299 661 2360 τῆς
696 2291 926 2361 ψάμμου
973 2299 1068 2360 τῆς
1110 2290 1394 2361 ἀνύδρου.’
1465 2293 1726 2361 δηλονότι
1766 2292 1833 2346 οὐ

78 2405 119 2436 25
147 2381 344 2454 ῥᾴδιον
384 2379 501 2452 (ὃν)
542 2379 737 2450 ἀμαχεὶ
777 2379 1127 2454 στρατοπέδῳ
1169 2381 1432 2434 διελθεῖν.

258 2470 439 2539 <278>
487 2470 623 2523 κατὰ
673 2466 774 2538 μὲν
822 2465 924 2523 οὖν
971 2471 1069 2523 τὸν
1107 2463 1435 2523 Μανεθῶνα
1481 2468 1599 2523 οὔτ’
1634 2469 1693 2523 ἐκ
1739 2477 1834 2538 τῆς

146 2559 434 2627 Αἰγύπτου
465 2559 527 2612 τὸ
561 2557 720 2627 γένος
758 2558 916 2627 ἡμῶν
948 2557 1099 2611 ἐστιν
1131 2558 1257 2612 οὔτε
1296 2567 1407 2611 τῶν
1439 2556 1657 2611 ἐκεῖθέν
1688 2577 1835 2621 τινες

146 2647 525 2718 ἀνεμίχθησαν
535 2664 547 2676 ·
565 2657 675 2701 τῶν
688 2647 792 2716 γὰρ
807 2651 1023 2718 λεπρῶν
1036 2644 1128 2700 καὶ
1139 2648 1463 2701 νοσούντων
1475 2650 1716 2710 πολλοὺς
1732 2644 1833 2717 μὲν

133 2738 291 2799 εἰκὸς
321 2735 382 2789 ἐν
406 2745 526 2799 ταῖς
556 2737 903 2804 λιθοτομίαις
933 2734 1261 2803 ἀποθανεῖν,
1291 2737 1471 2788 πολὺν
1494 2738 1699 2805 χρόνον
1726 2734 1839 2789 ἐκεῖ

82 2847 124 2879 30
149 2823 483 2895 γενομένους
512 2821 605 2877 καὶ
636 2827 1115 2892 κακοπαθοῦντας,
1145 2826 1386 2886 πολλοὺς
1409 2821 1460 2876 δ’
1476 2823 1536 2877 ἐν
1560 2833 1679 2886 ταῖς
1702 2825 1835 2893 μετὰ

150 2922 319 2967 ταῦτα
351 2913 566 2984 μάχαις,
597 2915 886 2974 πλείστους
913 2906 961 2965 δ’
978 2911 1038 2966 ἐν
1062 2919 1127 2982 τῇ
1155 2914 1440 2984 τελευταίᾳ
1467 2911 1555 2966 καὶ
1581 2919 1646 2982 τῇ
1670 2920 1836 2983 φυγῇ.

1866 2483 1924 2521 30
