2032 3128
194 88 267 139 50
614 86 739 128 ΤΟΥ
769 87 1107 129 ΙοΤΔΑΙΚοΤ
1136 87 1445 129 ΠΟΛΕΜΟΥ

197 222 332 289 στὴν
371 220 615 290 ἠμύνατο
655 229 770 283 τοῖς
801 220 1007 288 ὅπλοις,
1044 223 1222 273 καίτοι
1254 220 1622 273 ὀκτωκαίδεκα
1654 217 1755 289 μὲν
1785 218 1877 273 καὶ

195 312 543 376 τριακοσίους
566 308 846 378 ὑπάρχους
870 310 1029 377 ἔχων,
1055 308 1294 377 δύναμιν
1321 304 1372 361 δ’
1401 305 1496 378 ὑφ’
1531 306 1734 381 ἑκάστῳ
1759 309 1880 362 τού-

196 418 308 450 των
349 398 604 467 ἄπειρον;
647 395 920 464 ἣαύτοὺς
959 393 1060 464 μὲν
1100 395 1330 465 ἐρημίαν
1365 396 1605 465 ἡγήσατο
1638 398 1710 466 μὴ
1744 411 1878 466 συμ-

195 488 466 556 παρόντος
497 490 656 553 θεοῦ,
687 485 937 554 καθαρὰς
969 479 1016 536 δ’
1057 484 1343 547 ἀνατείνας
1372 485 1467 547 τὰς
1489 494 1674 555 χεῖρας
1704 487 1782 548 εἰς
1814 484 1879 538 ὃν
2005 554 2007 556 ³

194 582 301 628 νῦν
342 573 595 643 ἐμιάνατε
635 582 816 643 χῶρον
847 572 1023 642 ὑμεῖς,
1061 575 1159 626 τὸν
1191 572 1452 642 ἀνίκητον
1484 574 1630 645 αὑτῷ
1663 575 1879 642 βοηθὸν
1925 593 1946 627 5
1989 558 2009 584 ⁴

196 662 685 733 ἐστρατολόγησεν;
734 661 917 730 <381>
956 661 1024 715 οὐ
1064 662 1196 730 μετὰ
1235 663 1367 730 μιάν
1407 659 1643 732 ἑσπέραν
1682 663 1881 732 ἄχραν-
1992 659 1993 662 '

195 771 287 814 τος
317 748 417 820 μὲν
448 751 482 819 ἡ
514 752 805 818 βασίλισσα
839 748 1166 819 ἀνεπέμφθη
1199 752 1336 819 πρὸς
1365 752 1463 803 τὸν
1488 751 1685 820 ἄνδρα,
1714 763 1881 819 προσ-

195 849 383 893 κυνῶν
431 836 492 892 ὃὲ
530 840 629 892 τὸν
675 835 770 907 ὑφ’
816 838 973 907 ὑμῶν
1016 836 1357 908 αἱμαχθέντα
1396 848 1578 909 χῶρον
1619 838 1882 910 ὁμοφύλῳ

194 931 378 1000 φόνῳ,
432 925 522 979 καὶ
567 925 782 996 τρέμων
832 926 938 979 ἀπὸ
986 936 1097 980 τῶν
1145 926 1206 979 ἐν
1251 925 1410 980 νυκτὶ
1459 926 1884 996 φαντασμάτων,
1999 996 2004 1002 ,

196 1019 427 1086 ἔφευγεν
468 1015 496 1068 ὁ
537 1015 857 1083 Αἰγύπτιος,
897 1014 1118 1088 ἀργύρῳ
1160 1011 1222 1067 δὲ
1261 1013 1354 1068 καὶ
1383 1022 1569 1086 χρυσῷ
1602 1016 1729 1076 τοὺς
1760 1020 1884 1067 θεο-
1909 1035 1952 1066 10
1988 1007 2015 1080 J}

195 1108 376 1172 φιλεῖς
406 1102 694 1173 Ἑβραίους
734 1102 1075 1174 ἐδωρήσατο;
1119 1112 1254 1172 σιγῶ
1288 1103 1323 1172 ἢ
1354 1109 1487 1156 εἴπω
1529 1105 1629 1173 τὴν
1667 1105 1746 1166 εἰς
1784 1106 1884 1155 Αἴ-
2004 1100 2010 1110 ²

196 1210 406 1260 γυπτον
453 1194 735 1261 μετοικίαν
782 1201 893 1245 τῶν
939 1190 1217 1261 πατέρων,
1269 1192 1451 1261 <382>
1491 1194 1550 1246 οἳ
1582 1191 1885 1261 τυραννού-

196 1300 354 1350 μενοι
385 1278 476 1334 καὶ
507 1284 830 1350 βασιλεῦσιν
863 1280 1202 1350 ἀλλοφύλοις
1224 1281 1677 1343 ὑποπεπτωκότες
1701 1298 1886 1350 τετρα-

194 1372 402 1432 κοσίοις
435 1371 593 1436 ἔτεσι,
630 1370 809 1437 παρὸν
842 1362 1033 1431 ὅπλοις
1065 1368 1387 1439 ἀμύνασθαι
1417 1367 1508 1422 καὶ
1539 1371 1711 1439 χερσί,
1745 1375 1887 1437 σφᾶς

195 1457 397 1520 αὐτοὺς
437 1456 739 1525 ἐπέτρεψαν
779 1464 854 1529 τῷ
895 1463 1037 1530 θεῷ;
1107 1458 1290 1528 <383>
1333 1445 1415 1521 τίς
1465 1458 1566 1511 οὐκ
1617 1454 1735 1511 οἶδε
1784 1458 1886 1526 τὴν
1912 1477 1953 1510 15
2003 1503 2010 1532 ,ἶ

193 1548 398 1608 παντὸς
454 1548 662 1615 θηρίου
717 1550 1200 1614 καταπλησθεῖσαν
1246 1551 1535 1615 Αἴγυπτον
1587 1545 1679 1599 καὶ
1739 1546 1887 1617 πάσῃ
2003 1535 2006 1540 ’

195 1639 510 1705 φθαρεῖσαν
555 1636 732 1707 νόσῳ,
777 1635 880 1703 τὴν
927 1635 1177 1705 ἄκαρπον
1216 1642 1347 1703 γῆν,
1392 1637 1492 1688 τὸν
1538 1634 1888 1689 ἐπιλείποντα

193 1726 432 1790 Νεῖλον,
479 1723 573 1785 τὰς
619 1722 961 1791 ἐπαλλήλους
1007 1721 1138 1776 δέκα
1176 1723 1410 1793 πληγάς,
1463 1726 1592 1787 τοὺς
1631 1725 1722 1777 διὰ
1761 1732 1889 1778 ταῦ-

192 1831 260 1864 τα
299 1795 430 1880 μετὰ
455 1819 707 1882 φρουρᾶς
737 1810 1228 1882 προπεμπομένους
1266 1810 1503 1882 πατέρας
1540 1812 1696 1881 ἡμῶν
1735 1812 1890 1866 ἀναι-
2016 1880 2017 1884 ¹

195 1900 434 1968 μάκτους
495 1900 855 1966 ἀκινδύνους,
920 1900 1018 1963 οὓς
1072 1901 1101 1955 ὁ
1157 1902 1291 1964 θεὸς
1345 1899 1520 1973 ἑαυτῷ
1577 1904 1891 1971 νεωκόρους
1913 1921 1957 1955 20
2012 1893 2019 1951 Ῐ,

194 1985 353 2056 ἧγεν;
410 1988 591 2057 <384>
631 1988 771 2042 ἀλλὰ
810 1990 911 2058 τὴν
949 1989 1058 2043 ὑπὸ
1099 1991 1304 2058 Σύρων
1345 1989 1685 2059 ἁρπαγεῖσαν
1725 1988 1890 2058 ἁγίαν
2013 1999 2020 2006 ’

193 2077 327 2146 ἡμῖν
382 2077 628 2148 λάρνακα
683 2078 785 2131 οὐκ
842 2077 1091 2142 ἐστέναξε
1146 2075 1249 2147 μὲν
1301 2079 1335 2147 ἡ
1391 2082 1735 2147 Παλαιστίνη
1765 2124 1768 2126 .
1797 2076 1889 2132 καὶ

194 2165 405 2233 Δαγὼν
451 2167 512 2219 τὸ
562 2165 788 2234 ξόανον,
839 2165 1088 2230 ἐστέναξε
1137 2164 1197 2220 δὲ
1244 2174 1356 2220 πᾶν
1394 2169 1456 2220 τὸ
1496 2177 1608 2220 τῶν
1648 2165 1890 2237 ἁρπασα-

194 2252 380 2323 μένων
412 2256 604 2323 ἔθνος,
643 2255 823 2324 <385>
857 2259 1160 2327 σηπόμενοι
1193 2254 1254 2309 δὲ
1289 2257 1355 2309 τὰ
1393 2257 1608 2326 κρυπτὰ
1645 2263 1745 2309 τοῦ
1786 2256 1891 2308 σώ-

195 2362 388 2411 ματος,
435 2341 528 2395 καὶ
576 2342 649 2396 δι’
698 2344 882 2397 αὐτῶν
929 2345 995 2397 τὰ
1042 2345 1328 2415 σπλάγχνα
1374 2345 1508 2414 μετὰ
1546 2353 1658 2397 τῶν
1698 2347 1890 2397 σιτίων
1915 2363 1957 2396 25

193 2430 616 2502 καταφέροντες,
653 2431 808 2502 χερσὶ
839 2443 958 2496 ταῖς
990 2432 1323 2505 λῃσαμέναις
1362 2433 1717 2502 ἀνεκόμισαν,
1756 2452 1892 2500 κυμ-

194 2521 384 2589 βάλων
415 2519 507 2573 καὶ
539 2521 840 2590 τυμπάνων
872 2524 987 2591 ἤχω
1019 2521 1110 2575 καὶ
1141 2530 1277 2575 πᾶσι
1309 2524 1700 2591 μειλικτηρίοις
1740 2521 1892 2574 ἱλασ-

193 2612 420 2677 κόμενοι
467 2611 530 2662 τὸ
578 2610 765 2677 &mom
822 2610 1005 2680 <386>
1043 2612 1178 2674 θεὸς
1222 2606 1294 2679 ἧν
1334 2611 1363 2664 ὁ
1403 2618 1575 2663 ταῦτα
1619 2609 1892 2679 πατράσιν

194 2695 481 2767 ἡμετέροις
513 2707 853 2767 στρατηγῶν,
893 2699 978 2751 ὅτι
1009 2700 1105 2762 τὰς
1135 2708 1321 2769 χεῖρας
1351 2697 1443 2752 καὶ
1474 2699 1540 2751 τὰ
1577 2698 1719 2751 ὅπλα
1757 2716 1893 2766 παρ-

193 2784 344 2848 έντες
376 2786 523 2858 αὐτῷ
558 2795 746 2855 κρῖναι
778 2783 1019 2858 τοῦργον
1052 2787 1372 2858 ἐπέτρεψαν.
1412 2787 1596 2856 <387>
1633 2789 1893 2856 βασιλεὺς
1916 2807 1960 2839 30
2008 2854 2009 2857 Ἴ

185 2870 497 2945 Ἀσσυρίων
538 2874 862 2947 Σεναχηρὶμ
902 2876 992 2929 ὅτε
1038 2883 1221 2930 πᾶσαν
1269 2877 1372 2945 τὴν
1400 2874 1594 2929 Ἀσίαν
1635 2875 1890 2946 ἐπισυρό-
