2032 3128
172 103 279 156 268
776 105 934 146 ΚΑΤΑ
963 104 1239 148 ΑΠΙΩΝΟΣ

168 248 284 300 τοῖς
314 238 484 291 αὐτὸν
516 238 758 306 ἡγεμόνα
789 236 1178 306 πεποιημένοις
1204 237 1566 307 βεβαιοτάτην
1590 235 1861 306 παρέξειν.

169 326 350 395 <160>
388 330 558 394 καλῆς
603 322 706 380 οὖν
745 326 892 397 αὐτῷ
932 324 1304 395 προαιρέσεως
1349 325 1440 379 καὶ
1478 325 1731 394 πράξεων
1771 345 1861 394 με-

169 415 355 482 γάλων
397 413 913 484 ἐπιτυγχανομένων
955 416 1178 478 εἰκότως
1226 414 1472 484 ἐνόμιζεν
1511 414 1758 483 ἡγεμόνα
1804 434 1862 467 τε

169 501 260 555 καὶ
300 503 619 571 σύμβουλον
658 504 799 555 θεὸν
845 505 1011 572 ἔχειν·
1060 501 1151 555 καὶ
1190 505 1381 565 πείσας
1425 506 1697 574 πρότερον
1739 500 1863 556 ἑαυ-

170 593 268 644 τὸν
315 591 398 644 ὅτι
452 592 588 644 κατὰ
642 593 744 660 τὴν
793 590 1008 644 ἐκείνου
1056 591 1329 660 βούλησιν
1377 591 1590 644 ἅπαντα
1643 591 1864 660 πράττει
1910 611 1932 644 5

172 677 262 731 καὶ
303 681 624 747 διανοεῖται,
667 680 873 748 ταύτην
912 678 1047 750 ᾠέτο
1090 681 1209 732 δεῖν
1247 682 1355 747 πρὸ
1394 680 1601 742 παντὸς
1642 678 1864 749 ἐμποιῆ-

174 783 266 821 σαι
301 769 402 838 τὴν
433 769 717 837 ὑπόληψιν
756 777 872 830 τοῖς
910 770 1207 836 πλήθεσιν·
1247 769 1306 821 οἱ
1339 768 1444 838 γὰρ
1477 769 1869 830 πιστεύσαντες

175 855 492 910 ἐπισκοπεῖν
538 856 679 910 θεὸν
724 854 1115 919 τοὺςὲαυτῶν
1162 859 1320 925 βίους
1368 854 1536 909 οὐδὲν
1574 855 1866 925 ἀνέχονται

177 944 512 1015 ἐξαμαρτεῖν.
576 946 759 1014 <161>
800 953 1050 1008 τοιοῦτος
1088 942 1188 1014 μὲν
1228 946 1297 1013 δή
1336 965 1419 1008 τις
1459 944 1671 1014 [αὐτὸς]
1711 945 1868 1013 ἡμῶν

175 1034 203 1087 6
238 1033 564 1103 νομοθέτης,
607 1034 674 1087 οὐ
714 1036 864 1102 γόης,
907 1032 1027 1087 οὐδ’
1061 1033 1330 1102 ἀπατεών,
1370 1035 1507 1101 ἅπερ
1543 1035 1868 1103 λοιδοροῦν-
1893 1057 1936 1088 10

174 1142 260 1184 τες
311 1121 572 1190 λέγουσιν
620 1121 849 1191 ἀδίκως,
904 1119 1021 1176 ἀλλ’
1071 1115 1193 1175 οἷον
1246 1123 1392 1190 παρὰ
1446 1131 1558 1184 τοῖς
1604 1120 1870 1191 ”Ἐλλησιν

176 1211 409 1280 αὐχοῦσι
449 1212 547 1264 τὸν
578 1213 747 1263 Μίνω
788 1210 1079 1278 γεγονέναι
1117 1209 1209 1263 καὶ
1248 1208 1364 1280 μετ’
1397 1209 1568 1263 αὐτὸν
1607 1213 1737 1273 τοὺς
1775 1211 1870 1264 ἄλ-

176 1305 308 1362 λους
355 1298 682 1368 νομοθέτας.
758 1299 940 1368 <162>
979 1302 1037 1352 οἳ
1080 1296 1182 1368 μὲν
1229 1300 1334 1368 γὰρ
1378 1299 1563 1352 αὑτῶν
1602 1302 1732 1362 τοὺς
1778 1301 1870 1353 νό-

178 1383 315 1457 μους
353 1388 739 1455 ὑποτίθενται,
786 1388 814 1442 6
857 1387 922 1441 δέ
957 1408 1018 1454 γε
1058 1390 1259 1450 Μίνως
1298 1390 1484 1456 ἔλεγεν
1525 1388 1608 1441 ὅτι
1647 1389 1725 1450 εἰς
1772 1390 1869 1442 τὸν

170 1477 417 1530 Ἀπόλλω
473 1474 566 1529 καὶ
619 1478 680 1530 τὸ
731 1479 1018 1546 Δελφικὸν
1072 1476 1244 1530 αὐτοῦ
1299 1486 1558 1545 μαντεῖον
1613 1477 1708 1539 τὰς
1760 1486 1871 1530 τῶν
1896 1498 1938 1531 15
2009 1497 2015 1500 ·

177 1569 367 1634 νόμων
414 1569 670 1634 μαντείας
715 1564 1008 1634 ἀνέφερεν,
1053 1567 1174 1634 ἤτοι
1220 1563 1458 1634 τάληθὲς
1505 1565 1680 1628 οὕτως
1726 1567 1872 1636 ἔχειν

178 1657 494 1723 νομίζοντες
547 1652 580 1721 ἢ
635 1658 848 1707 πείσειν
904 1654 1043 1725 ῥᾷον
1094 1654 1595 1723 ὑπολαμβάνοντες.
1679 1654 1872 1722 (163)

177 1746 259 1805 τίς
300 1740 348 1794 δ’
379 1738 451 1810 ἦν
491 1742 519 1796 6
561 1743 798 1811 μάλιστα
837 1743 1198 1811 κατορθώσας
1235 1745 1366 1805 τοὺς
1404 1745 1631 1812 νόμους,
1669 1742 1762 1796 καὶ
1793 1747 1875 1806 τίς

179 1832 207 1885 6
258 1833 573 1884 δικαιότατα
626 1829 754 1899 περὶ
806 1838 901 1899 τῆς
952 1839 1054 1884 τοῦ
1107 1835 1248 1884 θεοῦ
1299 1834 1532 1894 πίστεως
1582 1830 1875 1902 ἐπιτυχών,

177 1920 441 1987 πάρεστιν
488 1918 542 1983 ἐξ
594 1919 776 1972 αὐτῶν
828 1930 1120 1973 κατανοεῖν
1172 1930 1282 1973 τῶν
1337 1922 1548 1989 νόμων,
1578 1919 1873 1990 ἀντιπαρα-
1898 1943 1942 1976 20

178 2009 505 2077 βάλλοντας·
552 2009 657 2077 ἤδη
699 2009 803 2078 γὰρ
843 2006 970 2077 περὶ
1008 2009 1221 2062 τούτων
1261 2007 1498 2062 λεκτέον.
1559 2008 1742 2077 <164>
1781 2009 1874 2062 οὐ-

178 2106 316 2151 κοῦν
363 2098 581 2167 ἄπειροι
628 2094 729 2166 μὲν
777 2098 839 2150 αἱ
880 2098 1016 2150 κατὰ
1063 2097 1228 2168 μέρος
1274 2106 1386 2150 τῶν
1434 2097 1584 2150 ε’θῶν
1630 2095 1720 2150 καὶ
1763 2107 1875 2150 τῶν

180 2189 370 2255 νόμων
408 2186 555 2255 παρὰ
593 2195 708 2248 τοῖς
746 2187 950 2240 ἅπασιν
989 2186 1312 2255 ἀνθρώποις
1351 2187 1641 2256 διαφοραί·
1681 2189 1740 2240 οἳ
1773 2183 1876 2255 μὲν

181 2276 285 2345 γὰρ
325 2277 672 2344 μοναρχίαις,
713 2278 771 2328 οἳ
806 2272 867 2328 δὲ
906 2285 1025 2338 ταῖς
1064 2276 1269 2343 ὀλίγων
1310 2276 1678 2343 δυναστείαις,
1717 2276 1875 2328 ἄλλοι

182 2361 245 2417 δὲ
290 2373 406 2426 τοῖς
449 2364 724 2431 πλήθεσιν
773 2363 1077 2434 ἐπέτρεψαν
1124 2365 1224 2432 τὴν
1268 2362 1523 2427 ἐξουσίαν
1569 2372 1680 2416 τῶν
1704 2360 1874 2416 ’πολι-
1900 2385 1943 2418 25

181 2452 482 2522 τευμάτων.
566 2450 762 2520 <165>
812 2453 840 2506 6
890 2450 939 2505 δ’
977 2451 1239 2521 ἡμέτερος
1294 2450 1604 2521 νομοθέτης
1649 2453 1727 2513 εἰς
1774 2449 1875 2520 μὲν

181 2543 394 2595 τούτων
442 2537 562 2594 οὐδ’
602 2540 793 2594 ὁτιοῦν
841 2540 1084 2610 ἀπεῖδεν,
1132 2542 1206 2604 ὡς
1253 2539 1303 2594 δ’
1341 2542 1411 2594 ἄν
1451 2561 1531 2604 τις
1573 2545 1719 2598 εἴποι
1757 2544 1876 2609 βια-

183 2628 418 2698 σάμενος
447 2629 545 2682 τὸν
578 2630 768 2697 λόγον,
807 2632 1142 2699 θεοκρατίαν
1174 2628 1421 2692 ἀπέδειξε
1459 2631 1522 2682 τὸ
1553 2632 1876 2698 πολίτευμα,

180 2722 295 2787 θεῷ
352 2718 452 2786 τὴν
505 2715 679 2786 ἀρχὴν
732 2714 823 2769 καὶ
870 2719 931 2770 τὸ
979 2718 1177 2787 κράτος
1223 2717 1477 2786 ἀναθείς,
1542 2718 1738 2787 <166>
1785 2715 1876 2770 καὶ

181 2808 373 2868 πείσας
428 2806 504 2868 εἰς
557 2804 771 2858 ἐκεῖνον
831 2806 1075 2869 ἅπαντας
1137 2806 1352 2875 ἀφορᾶν
1415 2807 1488 2870 ὡς
1541 2811 1719 2860 αἴτιον
1774 2803 1876 2875 μὲν
1899 2829 1943 2860 30

183 2892 442 2947 ἁπάντων
482 2895 615 2947 ὄντα
654 2903 764 2947 τῶν
797 2893 1047 2964 ἀγαθῶν,
1087 2895 1119 2948 ἃ
1159 2903 1318 2965 κοινῇ
1357 2915 1414 2948 τε
1452 2902 1620 2948 πᾶσιν
1655 2894 1874 2966 ἀνθρώ-
