2032 3128
691 123 793 164 ΕΙΣ
824 123 1262 166 ΜΑΚΚΑΒΑΙΟΤΣ
1711 120 1820 173 305

141 257 334 318 δωνας.
398 251 440 307 ὦ
481 254 593 318 ἄξιε
633 264 726 323 τῆς
767 256 1067 325 ἱερωσύνης
1100 257 1264 325 ἱερεῦ,
1306 256 1407 309 οὐκ
1440 255 1663 323 ἐμιάνας
1692 258 1822 318 τοὺς

141 345 322 412 ἱεροὺς
368 342 622 410 ὀδόντας,
670 340 802 396 οὐδὲ
847 344 948 411 τὴν
994 343 1320 412 θεοσέβειαν
1359 345 1687 414 χωρήσασαν
1725 364 1819 412 γα-

140 431 302 501 στέρα
342 430 638 493 ἐκοίνωσας
676 434 1031 503 μιαροφαγίᾳ.
1092 432 1234 500 <86>
1268 429 1310 485 ὦ
1344 433 1605 502 σύμφωνε
1644 435 1821 502 νόμου

139 518 226 571 καὶ
276 520 546 588 φιλόσοφε
592 522 755 571 θείου
803 522 989 586 λόγου.
1064 521 1350 582 τοιούτους
1389 522 1477 573 δεῖ
1511 517 1654 574 εἶναι
1692 523 1822 583 τοὺς

92 628 114 660 5
140 609 564 676 ιἐρουργοῦντας
616 609 714 660 τὸν
767 609 944 675 νόμον
998 608 1122 680 ἰδίω
1185 609 1370 676 αἵματι
1431 606 1521 660 καὶ
1582 612 1819 681 γενναίῳ

139 697 330 764 ἱδρῶτι
376 704 492 758 τοῖς
544 694 700 765 μέχρι
750 695 1000 748 θανάτου
1055 695 1294 748 πάθεσιν
1340 696 1820 765 ὑπερασπίζοντας.

139 784 283 851 <87>
325 786 419 851 σύ,
465 784 658 853 πάτερ,
698 785 798 852 τὴν
836 783 1101 852 εὐνομίαν
1139 783 1295 852 ἡμῶν
1336 785 1427 836 διὰ
1465 793 1575 836 τῶν
1613 785 1820 854 ὑπομο-

137 882 253 925 νῶν
292 874 370 935 εἰς
409 871 576 935 δόξαν
617 870 920 940 ἐκύρωσας,
966 870 1058 924 καὶ
1103 873 1203 940 τὴν
1243 870 1520 940 ἁγιστειάν
1561 877 1820 940 σεμνολο-

137 962 307 1028 γήσας
338 960 406 1012 οὐ
436 958 751 1028 κατέλυσας,
791 958 882 1012 καὶ
923 961 1014 1012 διὰ
1046 969 1157 1012 τῶν
1190 962 1369 1030 ἔργων
1401 959 1823 1028 ἐπιστοποίησας

70 1070 113 1101 10
137 1051 266 1110 τοὺς
304 1056 400 1116 τῆς
436 1050 595 1111 θείας
633 1051 965 1117 φιλοσοφίας
1003 1050 1227 1116 λόγους,
1267 1044 1309 1100 ὦ
1349 1049 1609 1116 βασάνων
1647 1052 1820 1117 βιαιό-

134 1156 255 1206 τερε
287 1135 466 1205 γέρων
491 1135 582 1189 καὶ
613 1138 787 1206 πυρὸς
812 1136 1141 1205 εὐτονώτερε
1170 1140 1449 1206 πρεσβῦτα
1480 1135 1570 1189 καὶ
1603 1136 1819 1204 μέγιστε

134 1230 334 1278 παθῶν
373 1228 600 1294 βασιλεῦ
639 1223 937 1294 Ἐλεάζαρε.
1014 1226 1157 1292 <88>
1199 1226 1381 1294 ὥσπερ
1429 1227 1533 1295 γὰρ
1574 1226 1602 1279 ὁ
1643 1226 1819 1294 πατὴρ

127 1312 342 1382 Ἀαρὼν
381 1320 454 1384 τῷ
493 1317 845 1385 θυμιατηρίςο
893 1313 1352 1382 καθωπλισμένος
1389 1314 1482 1366 διὰ
1519 1322 1619 1367 τοῦ
1660 1313 1821 1366 ἐθνο-

134 1404 378 1470 πλήκτου
438 1404 613 1467 πυρὸς
674 1400 970 1472 ἐπιτρέχων
1026 1404 1124 1455 τὸν
1178 1401 1516 1470 ἐμπυριστὴν
1571 1402 1821 1471 ἐνίκησεν

70 1511 111 1543 15
135 1491 390 1558 ἄγγελον,
422 1491 600 1553 οὕτως
630 1491 659 1543 ὁ
687 1488 1024 1559 Ἀαρωνίδης
1049 1489 1368 1561 Ἐλεάζαρος
1396 1490 1488 1542 διὰ
1519 1498 1618 1543 τοῦ
1648 1492 1823 1559 πυρὸς

134 1579 573 1648 ὑπερτηκόμενος
615 1578 683 1632 οὐ
729 1579 1030 1648 μετετράπη
1070 1580 1168 1632 τὸν
1207 1581 1500 1647 λογισμόν·
1548 1579 1692 1646 (89)
1730 1577 1821 1631 καὶ

133 1668 195 1719 τὸ
227 1670 702 1736 θαυμαστότατον,
743 1666 923 1734 γέρων
956 1668 1052 1736 ὥν,
1093 1666 1407 1736 λελυμένων
1439 1663 1540 1735 μὲν
1571 1668 1678 1735 ἤδη
1710 1676 1822 1719 τῶν

133 1762 232 1808 τοῦ
280 1757 529 1824 σώματος
574 1758 771 1822 τόνων,
828 1754 1374 1825 περικεχαλασμένων
1423 1752 1483 1807 δὲ
1533 1764 1644 1807 τῶν
1691 1771 1821 1823 σαρ-

133 1852 264 1910 κῶν,
310 1846 661 1912 κεκμηκότων
700 1840 762 1896 δὲ
799 1853 910 1896 τῶν
946 1845 1182 1913 νεύρων,
1229 1842 1488 1896 ἀνενέασε
1535 1851 1609 1915 τῷ
1656 1844 1822 1896 πνεύ-

12 1936 15 1938 ’
67 1952 110 1983 20
134 1950 261 1998 ματι
294 1932 386 1983 διὰ
418 1940 517 1985 τοῦ
549 1936 833 2001 λογισμοῦ.
889 1927 931 1983 ὦ
965 1935 1235 2000 μακαρίου
1271 1934 1453 2001 γήρως
1490 1929 1580 1984 καὶ
1619 1939 1823 2000 σεμνῆς

132 2024 328 2083 πολιᾶς
370 2018 462 2072 καὶ
507 2022 635 2088 βιόυ
673 2022 940 2089 νομίμου,
987 2019 1053 2073 ὃν
1091 2022 1254 2089 πιστὴ
1294 2021 1546 2073 θανάτου
1587 2019 1823 2090 σφραγὶς

133 2107 462 2161 ἐτελείωσεν.
531 2109 673 2176 <90>
714 2111 765 2161 εἰ
801 2109 870 2176 δὴ
907 2111 1102 2162 τοίνυν
1134 2107 1314 2176 γέρων
1344 2107 1485 2179 ἀνὴρ
1521 2117 1631 2161 τῶν
1663 2107 1821 2177 μέχρι

131 2196 381 2249 θανάτου
428 2197 689 2265 βασάνων
734 2198 1004 2266 περιεώρα
1053 2192 1130 2249 δι’
1167 2195 1468 2264 εὐσέβειαν,
1518 2196 1821 2265 ὁμολογου-

132 2285 310 2353 μένως
354 2285 576 2355 ἡγεμών
624 2284 738 2338 ἐστι
783 2295 895 2338 τῶν
940 2291 1141 2338 παθῶν
1190 2285 1218 2338 ὁ
1268 2285 1495 2354 εὐσεβὴς
1546 2287 1820 2354 λογισμός.

64 2393 106 2425 25
132 2374 274 2442 <91>
317 2379 446 2436 ἴσως
486 2373 535 2426 δ’
568 2373 637 2427 ἂν
677 2373 884 2427 εἴποιέν
924 2394 1094 2442 τινες,
1132 2384 1242 2427 τῶν
1280 2379 1480 2428 παθῶν
1517 2372 1584 2427 οὐ
1622 2374 1822 2436 πάντες

132 2461 550 2532 ἐπικρατοῦσιν,
602 2463 685 2516 ὅτι
734 2459 872 2532 μηδὲ
918 2463 1118 2526 πάντες
1165 2466 1442 2532 φρόνιμον
1490 2465 1676 2532 ἔχουσι
1723 2463 1821 2515 τὸν

130 2554 414 2620 λογισμόν.
493 2548 614 2604 ἀλλ’
646 2550 769 2605 ὅσοι
816 2553 1032 2619 ἔχονται
1079 2558 1174 2619 τῆς
1228 2550 1530 2619 εὐσεβείας,
1584 2550 1682 2602 τὸν
1730 2554 1821 2603 λο-

130 2641 330 2708 γισμὸν
381 2642 659 2709 φρόνιμον
714 2641 858 2710 ἔχειν
914 2638 966 2703 ἐξ
1023 2639 1152 2707 ὅλης
1205 2640 1435 2708 καρδίας
1486 2645 1819 2707 προνοοῦσι’

129 2725 219 2780 καὶ
274 2724 430 2781 οὗτοι
484 2731 646 2796 μόνοι
702 2729 969 2780 δύνανται
1029 2737 1250 2796 κρατεῖν
1306 2736 1417 2779 τῶν
1471 2734 1564 2795 τῆς
1620 2727 1821 2795 σαρκὸς

61 2835 105 2866 30
129 2821 344 2869 παθῶν.
427 2817 571 2885 <92>
628 2813 794 2870 οὐδὲν
845 2811 948 2869 οὖν
1000 2815 1346 2869 ἐναντιοῦται
1400 2815 1462 2867 τὸ
1517 2817 1829 2883 φαίνεσθαί

130 2924 285 2968 τινας
321 2910 797 2974 παθοκρατεῖσθαι
838 2905 930 2957 διὰ
968 2904 1065 2957 τὸν
1105 2903 1315 2972 ἀσθενῆ
1357 2904 1650 2971 λογισμόν·
1701 2901 1820 2956 ἐπεὶ

220 3000 427 3032 ῙοεΕΡΗσε.
452 3000 518 3033 VI.
1495 2993 1550 3032 20
