2032 3128
686 108 897 149 ΛΟΓΟΣ
929 108 1231 149 ΠΕΜΠΤΟΣ
1725 104 1794 155 47
1823 166 1825 168 ¹

115 239 350 313 ἐκατέρῳ
395 242 462 309 δὴ
502 238 654 309 μέρει
694 238 782 292 δύ’
825 240 1071 308 ἠγείρετο
1111 240 1354 309 χώματα,
1404 237 1536 292 καθ’
1578 240 1639 292 ἓν
1679 237 1798 292 ἐκά-

114 342 248 381 στου
302 329 585 397 τάγματος.
662 327 842 395 <358>
897 326 988 380 καὶ
1034 330 1163 390 τοὺς
1210 324 1311 396 μὲν
1357 329 1504 396 παρὰ
1554 329 1616 381 τὸ
1664 347 1798 396 μνη-

114 426 271 485 μεῖον
319 414 716 486 ἐργαζομένους
762 417 819 469 οἵ
852 435 910 468 τε
953 414 1257 484 Ἰδουμαῖοι
1295 414 1386 468 καὶ
1425 417 1485 469 τὸ
1526 416 1660 485 μετὰ
1698 423 1797 469 τοῦ

114 507 373 573 Σίμωνος
418 504 701 557 ὁπλιτικὸν
748 501 936 575 εἶργον
983 503 1363 572 ἐπεκθέοντες,
1409 507 1538 567 τοὺς
1585 501 1646 557 δὲ
1691 505 1796 573 πρὸ

70 614 91 647 5
115 600 209 659 τῆς
242 589 536 655 Ἀντωνίας
575 593 634 645 οἱ
666 590 791 661 περὶ
830 594 927 645 τὸν
959 587 1224 660 Ἰωάννην
1263 590 1355 644 καὶ
1386 593 1447 645 τὸ
1482 600 1594 644 τῶν
1636 594 1797 660 ζηλω-

112 690 223 733 τῶν
270 685 501 749 πλῆθος.
577 680 758 749 <359>
805 678 1201 734 ἐπλεονέκτουν
1249 677 1300 732 δ’
1348 679 1415 732 οὐ
1461 680 1598 732 κατὰ
1644 689 1799 750 χεῖρα

112 771 287 837 μόνον
335 767 428 838 ἀφ’
473 767 834 839 ὑψηλοτέρων
880 770 1207 838 μαχόμενοι,
1258 766 1349 820 καὶ
1387 777 1502 831 τοῖς
1542 768 1800 838 ὀργάνοις

113 855 164 909 δ’
201 859 307 925 ἤδη
340 862 582 927 χρῆσθαι
613 860 1008 926 μεμαθηκότες·
1041 856 1075 925 ἡ
1107 858 1212 927 γὰρ
1238 854 1367 910 καθ’
1398 854 1610 926 ἡμέραν
1639 857 1797 925 τριβὴ

111 947 249 998 κατὰ
294 946 494 1015 μικρὸν
542 948 744 1014 ἔθρεψε
791 947 892 1014 τὴν
941 945 1242 1015 ἐμπειρίαν.
1318 942 1469 1014 εἶχον
1516 942 1566 997 δ’
1613 943 1800 1012 ὀξυβε-

6 1090 13 1101 1,
46 1058 87 1089 10
112 1038 224 1097 λεΐς
254 1032 356 1103 μὲν
386 1036 754 1103 τριακοσίους,
793 1034 1189 1104 τετταράκοντα
1226 1031 1287 1087 δὲ
1318 1042 1430 1087 τῶν
1463 1036 1799 1102 λιθοβόλων,

114 1120 189 1175 δι’
231 1118 309 1175 ὧν
339 1124 406 1175 τά
437 1123 659 1192 χώματα
690 1134 804 1186 τοῖς
833 1121 1118 1193 Ῥωμαίοις
1157 1122 1385 1176 ἐποίουν
1417 1123 1799 1192 δυσεργότερα.

110 1211 291 1279 <360>
337 1214 554 1282 Καῖσαρ
604 1209 666 1264 δὲ
717 1213 996 1276 σώζεσθαί
1037 1231 1093 1265 τε
1139 1213 1242 1280 τὴν
1287 1214 1451 1265 πόλιν
1497 1208 1588 1263 καὶ
1635 1210 1801 1263 ἀπόλ-

111 1304 319 1353 λυσθαι
357 1301 520 1363 εἰδὼς
559 1298 753 1372 ἐαυτῷ,
793 1302 903 1369 ἅμα
932 1299 1023 1353 καὶ
1054 1308 1119 1370 τῇ
1151 1303 1443 1371 πολιορκίᾳ
1480 1298 1800 1368 προσέκειτο

111 1387 202 1440 καὶ
256 1397 355 1443 τοῦ
410 1398 702 1459 παραινεῖν
746 1387 1041 1452 Ἰουδαίοις
1094 1390 1393 1458 μετάνοιαν
1447 1389 1548 1442 οὐκ
1599 1386 1800 1457 ἠμέλει.

45 1498 87 1530 15
112 1477 296 1547 <361>
335 1488 452 1541 τοῖς
497 1475 549 1531 δ’
595 1480 778 1547 ἔργοις
824 1477 1082 1547 ἀνέμισγε
1124 1480 1495 1548 συμβουλίαν,
1541 1475 1634 1530 καὶ
1671 1480 1802 1529 πολ-

112 1565 265 1629 λάκις
326 1567 654 1635 γιγνώσκων
708 1566 1147 1638 ἀνυστικώτερον
1209 1567 1396 1620 ὅπλων
1457 1568 1555 1620 τὸν
1614 1568 1803 1634 λόγον,

112 1654 277 1717 αὐτός
321 1675 379 1708 τε
429 1657 702 1723 σώζεσθαι
751 1656 1046 1725 παρεκάλει
1092 1657 1440 1723 παραδόντας
1487 1657 1589 1724 τὴν
1636 1657 1802 1708 πόλιν

110 1744 217 1811 ἤδη
265 1743 738 1814 παρειλημμένην,
785 1743 877 1797 καὶ
916 1746 1013 1798 τὸν
1053 1739 1320 1814 Ἰώσηπον
1366 1748 1551 1797 καθιέι
1597 1751 1662 1813 τῇ
1708 1761 1803 1796 πα-

110 1835 243 1905 τρίῳ
282 1834 504 1904 γλώσσῃ
539 1832 915 1902 διαλέγεσθαι,
954 1831 1070 1903 τάχ’
1107 1833 1177 1886 ἂν
1217 1833 1479 1887 ἐνδοῦναι
1510 1834 1648 1901 πρὸς
1680 1832 1805 1901 ὁμό-

11 1940 17 1943 *
46 1944 89 1976 20
111 1925 294 1989 φυλον
335 1923 517 1975 δοκῶν
556 1922 772 1986 αὐτούς.

224 2010 409 2080 <362>
457 2007 620 2074 οὗτος
672 2012 903 2080 περιιὼν
952 2013 1014 2065 τὸ
1065 2021 1268 2081 τεῖχος,
1322 2010 1414 2064 καὶ
1467 2012 1805 2082 πειρώμενος

113 2099 213 2162 ἔξω
260 2119 317 2152 τε
364 2098 562 2168 βέλους
608 2096 753 2153 εἶναι
798 2098 889 2154 καὶ
937 2101 998 2153 ἐν
1039 2099 1280 2174 ἐπηκόῳ,
1328 2101 1507 2154 πολλὰ
1553 2119 1805 2168 κατηντι-

110 2189 264 2255 βόλει
310 2190 615 2257 φείσασθαι
661 2185 764 2258 μὲν
811 2187 1023 2242 ἑαυτῶν
1068 2187 1161 2242 καὶ
1206 2196 1306 2242 τοῦ
1358 2190 1566 2257 δήμου,
1613 2191 1804 2258 φείσα-

111 2282 247 2329 σθαι
280 2274 342 2329 δὲ
372 2275 463 2330 καὶ
491 2285 592 2352 τῆς
621 2279 885 2347 πατρίδος
915 2276 1007 2331 καὶ
1039 2286 1138 2332 τοῦ
1166 2279 1337 2349 ἱεροῦ,
1370 2275 1509 2347 μηδὲ
1540 2275 1804 2346 γενέσθαι

43 2387 84 2419 25
109 2367 247 2433 πρὸς
276 2373 448 2418 ταῦτα
479 2376 590 2419 τῶν
623 2366 956 2436 ἀλλοφύλων
988 2364 1417 2438 ἀπαθεστέρους.
1474 2366 1657 2435 <363>
1680 2364 1806 2418 Ῥω-

110 2455 307 2522 μαίους
345 2452 447 2523 μέν
486 2474 547 2523 γε
578 2457 709 2518 τοὺς
740 2457 813 2524 μὴ
847 2453 1171 2525 μετέχοντας
1203 2454 1565 2526 ἐντρέπεσθαι
1596 2455 1663 2507 τὰ
1694 2463 1805 2507 τῶν

108 2545 389 2611 πολεμίων
429 2545 559 2611 ἅγια
598 2543 689 2597 καὶ
728 2543 888 2614 μέχρι
922 2552 1030 2598 νῦν
1061 2546 1157 2608 τὰς
1186 2554 1371 2615 χεῖρας
1402 2542 1635 2614 ἐπέχειν,
1675 2545 1807 2605 τοὺς

111 2629 160 2683 δ’
209 2630 579 2702 ἐντραφέντας
617 2633 823 2701 αὐτοῖς,
861 2633 966 2686 κᾶν
1003 2638 1291 2704 περισωθῇ
1325 2635 1534 2701 μόνους
1565 2630 1806 2698 ἕξοντας,

110 2720 404 2790 ὡρμῆσθαι
453 2723 592 2792 πρὸς
642 2722 921 2775 ἀπώλειαν
977 2722 1176 2777 αὐτῶν.
1252 2722 1436 2790 <364>
1487 2717 1520 2790 ἦ
1577 2720 1688 2790 μὴν
1741 2720 1808 2771 τὰ

44 2830 87 2862 30
111 2811 488 2880 καρτερώτερα
528 2807 631 2880 μὲν
671 2811 853 2864 αὐτῶν
895 2812 1032 2881 ὁρᾶν
1072 2814 1219 2881 τείχη
1253 2812 1586 2879 πεπτωκότα,
1626 2810 1809 2862 λειπό-

108 2916 278 2966 μενον
319 2899 376 2951 δὲ
409 2901 469 2952 τὸ
503 2908 615 2952 τῶν
649 2897 975 2953 ἑαλωκότων
1008 2898 1438 2971 ἀσθενέστερον·
1478 2898 1809 2966 γιγνώσκειν
