2032 3128
664 115 874 157 ΛΟΓΟΣ
905 114 1206 156 ΠΕΜΠΤοΣ
1711 112 1775 162 17

100 253 308 312 &afflat
346 249 450 318 γὰρ
490 247 690 310 αὐτοὺς
728 248 789 300 τὸ
827 249 1006 318 παρὸν
1036 256 1276 316 πταῖσμα
1305 256 1423 309 ταῖς
1454 248 1531 309 εἰς
1561 248 1621 300 τὸ
1654 244 1779 315 μέλ-

101 341 202 390 λον
241 336 468 404 ἀρεταῖς.

211 424 393 492 <128>
436 427 685 477 πείθεται
732 426 948 493 Καῖσαρ
995 423 1105 491 ἅμα
1150 432 1268 485 ταῖς
1313 421 1368 475 θ’
1419 424 1644 486 ἱκεσίαις
1687 420 1779 476 καὶ
1813 435 1839 475 5

99 520 173 583 τῷ
216 511 575 582 συμφέροντι·
614 512 714 580 τὴν
754 509 855 581 μὲν
893 512 997 580 γὰρ
1028 508 1157 564 καθ’
1195 509 1316 573 ἑνὸς
1346 514 1613 580 τιμωρίαν
1646 509 1779 583 ᾤετο

29 599 298 670 ἐ’χρῆναι
346 598 502 670 μέχρι
550 602 717 668 ἔργου
764 602 1119 668 προκόπτειν,
1165 600 1265 667 τὴν
1306 597 1358 652 δ’
1403 598 1489 652 ε’πὶ
1527 602 1782 667 πλήθους

99 687 257 758 μέχρι
297 691 481 756 λόγου.
558 689 739 757 <129>
787 699 902 752 τοῖς
947 685 1048 758 μὲν
1089 683 1191 742 οὖν
1239 688 1591 758 στρατιώταις
1631 688 1782 756 διηλ-

99 777 338 845 λάττετο,
369 777 545 829 πολλὰ
576 779 920 845 νουθετήσας
943 772 1111 839 αὖθις
1134 772 1276 830 εἷναι
1310 774 1780 846 φρονιμωτέρους·

98 863 263 927 αὐτὸς
317 862 371 917 δ’
432 865 578 927 ὅπως
639 864 926 934 ἀμυνεῖται
986 866 1087 933 τὴν
1137 863 1423 918 Ἰουδαίων
1478 863 1781 933 ἐπιβουλὴν

98 951 334 1006 ἐσκόπει.
410 952 591 1021 <130>
629 952 876 1022 τέτταρσι
924 951 972 1006 δ’
1021 952 1246 1023 ἡμέραις
1286 950 1644 1016 ἐξισωθέντος
1681 960 1781 1005 τοῦ

33 1064 75 1096 ιο
100 1039 256 1112 μέχρι
287 1051 398 1095 τῶν
429 1050 627 1112 τειχῶν
659 1042 1040 1111 διαστήματος,
1081 1043 1420 1110 βουλόμενος
1449 1039 1558 1110 μετ’
1606 1040 1783 1110 ἀσφα-

97 1132 246 1193 λείας
284 1130 378 1192 τάς
415 1128 460 1182 τ’
508 1129 815 1193 ἀποσκευὰς
844 1128 934 1183 καὶ
966 1132 1027 1183 τὸ
1062 1131 1255 1183 λοιπὸν
1287 1133 1503 1198 πλῆθος
1539 1146 1783 1199 παραγα-

96 1226 246 1286 γεῖν,
296 1218 358 1270 τὸ
405 1219 816 1288 καρτερώτατον
862 1226 955 1288 τῆς
994 1218 1279 1286 δυνάμεως
1318 1216 1782 1288 ἀντιπαρεξέτεινε

95 1313 169 1377 τῷ
218 1309 383 1375 τείχει
430 1307 566 1358 κατὰ
613 1308 674 1359 τὸ
722 1308 944 1377 βόρειον
990 1310 1155 1375 κλῖμα
1201 1304 1292 1359 καὶ
1340 1306 1479 1374 πρὸς
1528 1304 1783 1377 ἑσπέραν,

98 1393 183 1464 ἐφ’
232 1393 362 1448 ἑπτὰ
400 1395 653 1463 βαθύνας
691 1395 794 1463 τὴν
831 1395 1108 1464 φάλαγγα·
1147 1393 1330 1463 <131>
1369 1404 1479 1448 τῶν
1517 1414 1575 1447 τε
1606 1397 1783 1459 πεζῶν

30 1506 72 1538 15
95 1483 580 1552 προτεταγμένων,
628 1482 719 1536 καὶ
766 1486 997 1537 κατόπιν
1035 1493 1148 1536 τῶν
1189 1482 1416 1551 ἱππέων,
1456 1487 1782 1553 τριστοίχων

96 1569 397 1640 ἑκατέρων,
447 1571 676 1641 ἕβδομοι
716 1573 851 1625 κατὰ
890 1571 1060 1641 μέσον
1100 1573 1423 1640 εἱστήκεσαν
1463 1572 1522 1625 οἱ
1554 1571 1784 1636 τοξόται.

95 1660 278 1729 <132>
316 1656 561 1734 τοσούτῳ
603 1659 664 1714 δὲ
704 1664 884 1730 στίφει
920 1659 1325 1731 πεφραγμένων
1353 1659 1642 1723 Ἰουδαίοις
1672 1669 1785 1714 τῶν

95 1748 406 1819 ἐκδρομῶν,
451 1750 518 1802 τά
562 1748 624 1802 θ’
666 1750 936 1818 ὑποζύγια
981 1759 1092 1804 τῶν
1138 1759 1309 1820 τριῶν
1355 1749 1646 1818 ταγμάτων
1693 1747 1785 1802 καὶ

94 1838 128 1906 ἡ
168 1840 387 1907 πληθὺς
433 1837 607 1901 ἀδεῶς
652 1840 1026 1909 παρώδευσεν.
1103 1839 1285 1908 <133>
1335 1838 1500 1902 αὐτὸς
1537 1835 1639 1908 μὲν
1680 1833 1784 1891 οὖν

10 1951 71 1983 ²20
103 1928 260 1989 Τίτος
299 1925 517 1996 ἀπέχων
550 1927 685 1981 ὅσον
716 1930 796 1991 είς
828 1930 1085 1991 σταδίους
1117 1929 1220 1981 δύο
1252 1935 1354 1982 τοῦ
1386 1930 1617 1997 τείχους,
1649 1926 1785 1979 κατὰ

93 2016 155 2068 τὸ
203 2024 468 2083 γωνιαῖον
515 2015 686 2069 αὐτοῦ
734 2016 898 2087 μέρος
948 2015 1176 2086 ἀντικρὺ
1223 2023 1324 2069 τοῦ
1381 2017 1643 2085 Ψηφίνου
1690 2034 1786 2067 κα-

95 2102 371 2172 λουμένου
417 2105 635 2173 πύργου
675 2105 1190 2174 στρατοπεδεύεται,
1235 2106 1373 2175 πρὸς
1410 2103 1477 2157 ὃν
1516 2104 1546 2159 ὁ
1586 2105 1785 2166 κύκλος

94 2200 194 2245 τοῦ
232 2194 470 2261 τείχους,
515 2194 653 2263 πρὸς
699 2194 903 2264 ἄρκτον
941 2196 1232 2262 καθήκων,
1272 2192 1609 2262 ἀνακάμπτει
1646 2193 1787 2260 πρὸς

96 2281 282 2333 δύσιν·
339 2280 521 2350 <134>
573 2281 606 2349 ἡ
664 2281 711 2334 δ’
767 2279 924 2352 ἑτέρα
978 2291 1144 2352 μοῖρα
1198 2289 1294 2350 τῆς
1344 2288 1600 2351 στρατιᾶς
1648 2280 1785 2333 κατὰ

27 2390 72 2424 25
94 2370 192 2421 τὸν
224 2367 470 2422 Ἱππικὸν
517 2368 1042 2439 προσαγορευθέντα
1088 2371 1306 2438 πύργον
1343 2372 1651 2440 τειχίζεται,
1704 2369 1786 2421 δι-

95 2467 306 2510 εστῶσα
359 2464 455 2526 τῆς
506 2460 717 2522 πόλεως
768 2459 972 2528 ὁμοίως
1022 2459 1125 2512 δύο
1173 2459 1447 2521 σταδίους.
1501 2455 1683 2525 <135>
1722 2457 1784 2523 τὸ

95 2544 285 2614 μέντοι
339 2545 569 2601 δέκατον
622 2548 800 2617 τάγμα
853 2548 990 2601 κατὰ
1035 2548 1222 2618 χώραν
1270 2545 1359 2600 ε’πὶ
1404 2555 1507 2600 τοῦ
1548 2543 1786 2599 Ἐλαιῶν

96 2636 263 2704 ὄρους
302 2637 471 2703 ἔμενε.

147 2784 150 2787 ,
206 2722 390 2792 <136>
435 2722 581 2791 τρισὶ
621 2719 672 2777 δ’
718 2722 1052 2794 ὠχυρωμένη
1098 2726 1336 2793 τείχεσιν
1373 2723 1407 2792 ἡ
1447 2726 1607 2786 πόλις
1643 2720 1773 2776 καθ’
1812 2721 1850 2773 4

27 2833 72 2866 30
97 2810 132 2863 ἃ
163 2812 236 2880 μὴ
276 2821 396 2875 ταῖς
434 2811 657 2882 ἀβάτοις
697 2813 938 2883 φάραγξι
975 2813 1287 2866 κεκύκλωτο
1330 2810 1523 2884 (ταύτῃ
1562 2811 1667 2881 γὰρ
1708 2803 1788 2874 εἷς

95 2894 167 2967 ἦν
205 2900 540 2972 περίβολος),
578 2901 716 2971 αὐτὴ
756 2899 859 2971 μὲν
897 2899 1035 2973 ὑπὲρ
1076 2903 1180 2956 δύο
1220 2903 1410 2971 λόφων
1446 2900 1786 2970 ἀντιπρόσω-

185 2994 395 3028 Iosnpnus.
421 2996 486 3028 VI.
1463 2991 1488 3029 2
