<?xml version="1.0" encoding="UTF-8"?>
<!DOCTYPE html PUBLIC "-//W3C//DTD XHTML 1.0 Transitional//EN"
    "http://www.w3.org/TR/xhtml1/DTD/xhtml1-transitional.dtd">
<html xmlns="http://www.w3.org/1999/xhtml" xml:lang="en" lang="en">
 <head>
  <title>
</title>
<meta http-equiv="Content-Type" content="text/html;charset=utf-8" />
  <meta name='ocr-system' content='tesseract 3.04.00' />
  <meta name='ocr-capabilities' content='ocr_page ocr_carea ocr_par ocr_line ocrx_word'/>
</head>
<body>
  <div class='ocr_page' id='page_1' title='image "./flaviiiosephiope06joseuoft_0270.png"; bbox 0 0 2032 3128; ppageno 0'>
   <div class='ocr_carea' id='block_1_1' title="bbox 204 115 2011 167">
    <p class='ocr_par' dir='ltr' id='par_1_1' title="bbox 204 115 2011 167">
     <span class='ocr_line' id='line_1_1' title="bbox 204 115 2011 167; baseline -0.003 0"><span class='ocrx_word' id='word_1_1' title='bbox 204 115 314 167; x_wconf 80' lang='grc'><em>214</em></span> <span class='ocrx_word' id='word_1_2' title='bbox 813 117 972 159; x_wconf 80' lang='grc' dir='ltr'><strong>ΚΑΤΑ</strong></span> <span class='ocrx_word' id='word_1_3' title='bbox 1002 116 1280 159; x_wconf 78' lang='grc' dir='ltr'><strong>ΑΠΙΩΝΟΣ</strong></span> <span class='ocrx_word' id='word_1_4' title='bbox 1992 131 2011 162; x_wconf 63' lang='grc' dir='ltr'><em>ιὰ</em></span> 
     </span>
    </p>
   </div>
   <div class='ocr_carea' id='block_1_2' title="bbox 182 248 1995 2978">
    <p class='ocr_par' dir='ltr' id='par_1_2' title="bbox 182 248 1995 2978">
     <span class='ocr_line' id='line_1_2' title="bbox 204 248 1887 319; baseline 0 -15"><span class='ocrx_word' id='word_1_5' title='bbox 204 251 416 304; x_wconf 86' lang='grc' dir='ltr'><em>τούτων</em></span> <span class='ocrx_word' id='word_1_6' title='bbox 457 248 853 318; x_wconf 80' lang='grc' dir='ltr'><strong><em>ἐπισταμένους</em></strong></span> <span class='ocrx_word' id='word_1_7' title='bbox 889 251 950 303; x_wconf 90' lang='grc' dir='ltr'><em>τὸ</em></span> <span class='ocrx_word' id='word_1_8' title='bbox 991 252 1158 312; x_wconf 81' lang='grc' dir='ltr'><em>ἔθνος</em></span> <span class='ocrx_word' id='word_1_9' title='bbox 1195 251 1371 319; x_wconf 82' lang='grc' dir='ltr'><em>ἡμῶν,</em></span> <span class='ocrx_word' id='word_1_10' title='bbox 1408 248 1500 304; x_wconf 87' lang='grc' dir='ltr'><em>καὶ</em></span> <span class='ocrx_word' id='word_1_11' title='bbox 1538 249 1670 304; x_wconf 85' lang='grc' dir='ltr'><em>καθ’</em></span> <span class='ocrx_word' id='word_1_12' title='bbox 1702 250 1730 304; x_wconf 89' lang='grc' dir='ltr'><em>ὃ</em></span> <span class='ocrx_word' id='word_1_13' title='bbox 1769 270 1887 304; x_wconf 86' lang='grc' dir='ltr'><em>και-</em></span> 
     </span>
     <span class='ocr_line' id='line_1_3' title="bbox 205 335 1888 408; baseline 0.001 -18"><span class='ocrx_word' id='word_1_14' title='bbox 205 339 301 408; x_wconf 89' lang='grc' dir='ltr'><em>ρὸς</em></span> <span class='ocrx_word' id='word_1_15' title='bbox 352 335 423 406; x_wconf 78' lang='grc' dir='ltr'><em>ἧν</em></span> <span class='ocrx_word' id='word_1_16' title='bbox 470 338 658 400; x_wconf 81' lang='grc' dir='ltr'><em>αὐτοῖς</em></span> <span class='ocrx_word' id='word_1_17' title='bbox 710 339 1160 407; x_wconf 90' lang='grc' dir='ltr'><em>μνημονεύοντας</em></span> <span class='ocrx_word' id='word_1_18' title='bbox 1211 337 1569 406; x_wconf 78' lang='grc' dir='ltr'><em>παραθέσθαι</em></span> <span class='ocrx_word' id='word_1_19' title='bbox 1617 339 1677 392; x_wconf 85' lang='grc' dir='ltr'><em>έν</em></span> <span class='ocrx_word' id='word_1_20' title='bbox 1726 339 1888 402; x_wconf 80' lang='grc' dir='ltr'><em>ἰδίοις</em></span> 
     </span>
     <span class='ocr_line' id='line_1_4' title="bbox 204 425 1906 497; baseline 0.001 -19"><span class='ocrx_word' id='word_1_21' title='bbox 204 425 388 479; x_wconf 85' lang='grc' dir='ltr'><em>αὐτῶν</em></span> <span class='ocrx_word' id='word_1_22' title='bbox 449 425 884 495; x_wconf 77' lang='grc' dir='ltr'><em>συγγράμμασιν.</em></span> <span class='ocrx_word' id='word_1_23' title='bbox 975 426 1156 495; x_wconf 77' lang='grc'>&lt;162&gt;</span> <span class='ocrx_word' id='word_1_24' title='bbox 1210 429 1554 497; x_wconf 74' lang='grc' dir='ltr'><em>Πυθαγόρας</em></span> <span class='ocrx_word' id='word_1_25' title='bbox 1612 429 1804 481; x_wconf 85' lang='grc' dir='ltr'><strong><em>τοίνυν</em></strong></span> <span class='ocrx_word' id='word_1_26' title='bbox 1859 426 1906 480; x_wconf 88' lang='grc' dir='ltr'><em>ὁ·</em></span> 
     </span>
     <span class='ocr_line' id='line_1_5' title="bbox 204 511 1889 586; baseline 0.001 -20"><span class='ocrx_word' id='word_1_27' title='bbox 204 514 416 583; x_wconf 90' lang='grc' dir='ltr'><em>Σάμιος</em></span> <span class='ocrx_word' id='word_1_28' title='bbox 461 513 687 585; x_wconf 80' lang='grc' dir='ltr'><em>ἀρχαῖος</em></span> <span class='ocrx_word' id='word_1_29' title='bbox 733 515 831 581; x_wconf 81' lang='grc' dir='ltr'><em>ὥν,</em></span> <span class='ocrx_word' id='word_1_30' title='bbox 878 517 1047 586; x_wconf 77' lang='grc' dir='ltr'><em>σοφία</em></span> <span class='ocrx_word' id='word_1_31' title='bbox 1094 511 1155 567; x_wconf 75' lang='grc' dir='ltr'><em>δὲ</em></span> <span class='ocrx_word' id='word_1_32' title='bbox 1201 512 1292 567; x_wconf 84' lang='grc' dir='ltr'><em>καὶ</em></span> <span class='ocrx_word' id='word_1_33' title='bbox 1338 522 1402 584; x_wconf 77' lang='grc' dir='ltr'><em>τῇ</em></span> <span class='ocrx_word' id='word_1_34' title='bbox 1448 514 1574 583; x_wconf 89' lang='grc' dir='ltr'><em>περὶ</em></span> <span class='ocrx_word' id='word_1_35' title='bbox 1619 517 1680 568; x_wconf 91' lang='grc' dir='ltr'><em>τὸ</em></span> <span class='ocrx_word' id='word_1_36' title='bbox 1727 521 1889 569; x_wconf 81' lang='grc' dir='ltr'><em>θεῖον</em></span> 
     </span>
     <span class='ocr_line' id='line_1_6' title="bbox 202 601 1957 674; baseline 0.001 -19"><span class='ocrx_word' id='word_1_37' title='bbox 202 602 453 674; x_wconf 80' lang='grc' dir='ltr'><em>εὐσεβείᾳ</em></span> <span class='ocrx_word' id='word_1_38' title='bbox 505 602 729 655; x_wconf 88' lang='grc' dir='ltr'><em>πάντων</em></span> <span class='ocrx_word' id='word_1_39' title='bbox 775 601 1180 671; x_wconf 84' lang='grc' dir='ltr'><em>ὑπειλημμένος</em></span> <span class='ocrx_word' id='word_1_40' title='bbox 1226 604 1528 670; x_wconf 80' lang='grc' dir='ltr'><em>διενεγκεῖν</em></span> <span class='ocrx_word' id='word_1_41' title='bbox 1574 613 1685 657; x_wconf 85' lang='grc' dir='ltr'><em>τῶν</em></span> <span class='ocrx_word' id='word_1_42' title='bbox 1731 608 1890 672; x_wconf 91' lang='grc' dir='ltr'><em>φιλο-</em></span> <span class='ocrx_word' id='word_1_43' title='bbox 1935 625 1957 658; x_wconf 85' lang='lat'><strong>5</strong></span> 
     </span>
     <span class='ocr_line' id='line_1_7' title="bbox 202 688 1891 763; baseline 0.001 -19"><span class='ocrx_word' id='word_1_44' title='bbox 202 691 586 760; x_wconf 88' lang='grc' dir='ltr'><em>σοφησάντων,</em></span> <span class='ocrx_word' id='word_1_45' title='bbox 634 691 702 745; x_wconf 87' lang='grc' dir='ltr'><em>οὐ</em></span> <span class='ocrx_word' id='word_1_46' title='bbox 748 693 924 760; x_wconf 90' lang='grc' dir='ltr'><em>μόνον</em></span> <span class='ocrx_word' id='word_1_47' title='bbox 972 691 1224 758; x_wconf 82' lang='grc' dir='ltr'><em>ἐγνωκὼς</em></span> <span class='ocrx_word' id='word_1_48' title='bbox 1269 692 1335 744; x_wconf 80' lang='grc' dir='ltr'><em>τὰ</em></span> <span class='ocrx_word' id='word_1_49' title='bbox 1380 688 1507 763; x_wconf 89' lang='grc' dir='ltr'><em>παρ’</em></span> <span class='ocrx_word' id='word_1_50' title='bbox 1545 692 1678 761; x_wconf 81' lang='grc' dir='ltr'><em>ἡμῖν</em></span> <span class='ocrx_word' id='word_1_51' title='bbox 1725 693 1891 760; x_wconf 83' lang='grc' dir='ltr'><em>δῆλός</em></span> 
     </span>
     <span class='ocr_line' id='line_1_8' title="bbox 201 778 1891 849; baseline 0.001 -17"><span class='ocrx_word' id='word_1_52' title='bbox 201 779 370 848; x_wconf 82' lang='grc' dir='ltr'><em>ἐστιν,</em></span> <span class='ocrx_word' id='word_1_53' title='bbox 421 779 559 833; x_wconf 81' lang='grc' dir='ltr'><em>ἀλλὰ</em></span> <span class='ocrx_word' id='word_1_54' title='bbox 605 778 696 833; x_wconf 84' lang='grc' dir='ltr'><em>καὶ</em></span> <span class='ocrx_word' id='word_1_55' title='bbox 747 781 986 848; x_wconf 81' lang='grc' dir='ltr'><em>ζηλωτὴς</em></span> <span class='ocrx_word' id='word_1_56' title='bbox 1031 779 1215 832; x_wconf 84' lang='grc' dir='ltr'><em>αὐτῶν</em></span> <span class='ocrx_word' id='word_1_57' title='bbox 1255 779 1315 833; x_wconf 83' lang='grc' dir='ltr'><em>ἐκ</em></span> <span class='ocrx_word' id='word_1_58' title='bbox 1359 782 1620 833; x_wconf 81' lang='grc' dir='ltr'><em>πλείστου</em></span> <span class='ocrx_word' id='word_1_59' title='bbox 1668 799 1891 849; x_wconf 86' lang='grc' dir='ltr'><em>γεγενη-</em></span> 
     </span>
     <span class='ocr_line' id='line_1_9' title="bbox 200 857 1890 937; baseline 0 -16"><span class='ocrx_word' id='word_1_60' title='bbox 200 868 377 936; x_wconf 89' lang='grc' dir='ltr'><em>μένος.</em></span> <span class='ocrx_word' id='word_1_61' title='bbox 447 869 627 937; x_wconf 83' lang='lat'>&lt;163&gt;</span> <span class='ocrx_word' id='word_1_62' title='bbox 666 857 838 921; x_wconf 85' lang='grc' dir='ltr'><em>αὐτοῦ</em></span> <span class='ocrx_word' id='word_1_63' title='bbox 882 865 984 937; x_wconf 77' lang='grc' dir='ltr'><em>μὲν</em></span> <span class='ocrx_word' id='word_1_64' title='bbox 1023 864 1126 922; x_wconf 79' lang='grc' dir='ltr'><em>οὖν</em></span> <span class='ocrx_word' id='word_1_65' title='bbox 1166 865 1334 922; x_wconf 76' lang='grc' dir='ltr'><em>οὐδὲν</em></span> <span class='ocrx_word' id='word_1_66' title='bbox 1373 868 1719 936; x_wconf 79' lang='grc' dir='ltr'><em>ὁμολογεῖται</em></span> <span class='ocrx_word' id='word_1_67' title='bbox 1759 870 1890 937; x_wconf 88' lang='grc' dir='ltr'><em>σύγ-</em></span> 
     </span>
     <span class='ocr_line' id='line_1_10' title="bbox 198 954 1891 1026; baseline 0.001 -17"><span class='ocrx_word' id='word_1_68' title='bbox 198 977 446 1026; x_wconf 86' lang='grc' dir='ltr'><em>γραμμα,</em></span> <span class='ocrx_word' id='word_1_69' title='bbox 507 955 706 1010; x_wconf 87' lang='grc' dir='ltr'><em>πολλοὶ</em></span> <span class='ocrx_word' id='word_1_70' title='bbox 760 954 822 1009; x_wconf 76' lang='grc' dir='ltr'><em>δὲ</em></span> <span class='ocrx_word' id='word_1_71' title='bbox 875 958 941 1009; x_wconf 77' lang='grc' dir='ltr'><em>τὰ</em></span> <span class='ocrx_word' id='word_1_72' title='bbox 995 955 1121 1026; x_wconf 87' lang='grc' dir='ltr'><em>περὶ</em></span> <span class='ocrx_word' id='word_1_73' title='bbox 1176 957 1346 1010; x_wconf 86' lang='grc' dir='ltr'><em>αὐτὸν</em></span> <span class='ocrx_word' id='word_1_74' title='bbox 1403 958 1747 1026; x_wconf 77' lang='grc' dir='ltr'><em>ἱστορήκασι,</em></span> <span class='ocrx_word' id='word_1_75' title='bbox 1800 955 1891 1010; x_wconf 82' lang='grc' dir='ltr'><em>καὶ</em></span> 
     </span>
     <span class='ocr_line' id='line_1_11' title="bbox 197 1044 1959 1116; baseline 0.001 -18"><span class='ocrx_word' id='word_1_76' title='bbox 197 1046 408 1098; x_wconf 85' lang='grc' dir='ltr'><em>τούτων</em></span> <span class='ocrx_word' id='word_1_77' title='bbox 449 1044 842 1114; x_wconf 82' lang='grc' dir='ltr'><em>ἐπισημότατός</em></span> <span class='ocrx_word' id='word_1_78' title='bbox 882 1045 1032 1098; x_wconf 90' lang='grc' dir='ltr'><em>ε’στιν</em></span> <span class='ocrx_word' id='word_1_79' title='bbox 1067 1044 1402 1115; x_wconf 62' lang='grc' dir='ltr'><em>’Ἐρμιππος,</em></span> <span class='ocrx_word' id='word_1_80' title='bbox 1446 1045 1586 1116; x_wconf 82' lang='grc' dir='ltr'><em>ἀνὴρ</em></span> <span class='ocrx_word' id='word_1_81' title='bbox 1626 1044 1750 1116; x_wconf 84' lang='grc' dir='ltr'><em>περὶ</em></span> <span class='ocrx_word' id='word_1_82' title='bbox 1789 1054 1890 1099; x_wconf 84' lang='grc' dir='ltr'><em>πᾶ-</em></span> <span class='ocrx_word' id='word_1_83' title='bbox 1917 1069 1959 1102; x_wconf 92' lang='lat'><em>10</em></span> 
     </span>
     <span class='ocr_line' id='line_1_12' title="bbox 196 1132 1888 1206; baseline 0 -19"><span class='ocrx_word' id='word_1_84' title='bbox 196 1147 301 1187; x_wconf 92' lang='grc' dir='ltr'><em>σαν</em></span> <span class='ocrx_word' id='word_1_85' title='bbox 353 1135 602 1202; x_wconf 79' lang='grc' dir='ltr'><em>ἱστορίαν</em></span> <span class='ocrx_word' id='word_1_86' title='bbox 655 1133 924 1202; x_wconf 82' lang='grc' dir='ltr'><em>ἐπιμελής.</em></span> <span class='ocrx_word' id='word_1_87' title='bbox 1013 1134 1196 1202; x_wconf 85' lang='grc'>&lt;164&gt;</span> <span class='ocrx_word' id='word_1_88' title='bbox 1251 1132 1398 1202; x_wconf 84' lang='grc' dir='ltr'><em>λέγει</em></span> <span class='ocrx_word' id='word_1_89' title='bbox 1449 1136 1643 1187; x_wconf 85' lang='grc' dir='ltr'><em>τοίνυν</em></span> <span class='ocrx_word' id='word_1_90' title='bbox 1699 1133 1760 1187; x_wconf 82' lang='grc' dir='ltr'><em>ἐν</em></span> <span class='ocrx_word' id='word_1_91' title='bbox 1812 1141 1888 1206; x_wconf 77' lang='grc' dir='ltr'><em>τῷ</em></span> 
     </span>
     <span class='ocr_line' id='line_1_13' title="bbox 195 1220 1892 1295; baseline 0 -19"><span class='ocrx_word' id='word_1_92' title='bbox 195 1224 394 1295; x_wconf 77' lang='grc' dir='ltr'><em>πρώτῳ</em></span> <span class='ocrx_word' id='word_1_93' title='bbox 433 1231 544 1275; x_wconf 85' lang='grc' dir='ltr'><em>τῶν</em></span> <span class='ocrx_word' id='word_1_94' title='bbox 583 1220 708 1291; x_wconf 86' lang='grc' dir='ltr'><em>περὶ</em></span> <span class='ocrx_word' id='word_1_95' title='bbox 749 1224 1098 1292; x_wconf 89' lang='grc' dir='ltr'><em>Πυθαγόρου</em></span> <span class='ocrx_word' id='word_1_96' title='bbox 1136 1224 1370 1291; x_wconf 84' lang='grc' dir='ltr'><em>βιβλίων</em></span> <span class='ocrx_word' id='word_1_97' title='bbox 1409 1222 1493 1275; x_wconf 82' lang='grc' dir='ltr'><em>ὅτι</em></span> <span class='ocrx_word' id='word_1_98' title='bbox 1528 1225 1892 1293; x_wconf 81' lang='grc' dir='ltr'><em>Πυθαγόρας,</em></span> 
     </span>
     <span class='ocr_line' id='line_1_14' title="bbox 197 1310 1891 1381; baseline 0.001 -18"><span class='ocrx_word' id='word_1_99' title='bbox 197 1310 321 1373; x_wconf 81' lang='grc' dir='ltr'><em>ἑνὸς</em></span> <span class='ocrx_word' id='word_1_100' title='bbox 351 1310 536 1364; x_wconf 84' lang='grc' dir='ltr'><em>αὐτῶν</em></span> <span class='ocrx_word' id='word_1_101' title='bbox 567 1321 678 1364; x_wconf 84' lang='grc' dir='ltr'><em>τῶν</em></span> <span class='ocrx_word' id='word_1_102' title='bbox 711 1320 1130 1364; x_wconf 82' lang='grc' dir='ltr'><em>συνουσιαστῶν</em></span> <span class='ocrx_word' id='word_1_103' title='bbox 1162 1313 1607 1380; x_wconf 85' lang='grc' dir='ltr'><em>τελευτήσαντος,</em></span> <span class='ocrx_word' id='word_1_104' title='bbox 1644 1312 1891 1381; x_wconf 77' lang='grc' dir='ltr'><em>τοῦνομα</em></span> 
     </span>
     <span class='ocr_line' id='line_1_15' title="bbox 196 1398 1892 1470; baseline 0.001 -18"><span class='ocrx_word' id='word_1_105' title='bbox 196 1402 611 1469; x_wconf 75' lang='grc' dir='ltr'><em>Καλλιφῶντος,</em></span> <span class='ocrx_word' id='word_1_106' title='bbox 650 1401 711 1452; x_wconf 91' lang='grc' dir='ltr'><em>τὸ</em></span> <span class='ocrx_word' id='word_1_107' title='bbox 752 1398 912 1467; x_wconf 86' lang='grc' dir='ltr'><em>γένος</em></span> <span class='ocrx_word' id='word_1_108' title='bbox 943 1399 1358 1470; x_wconf 77' lang='grc' dir='ltr'><em>Κροτωνιάτου,</em></span> <span class='ocrx_word' id='word_1_109' title='bbox 1397 1401 1499 1469; x_wconf 87' lang='grc' dir='ltr'><em>τὴν</em></span> <span class='ocrx_word' id='word_1_110' title='bbox 1533 1399 1746 1454; x_wconf 80' lang='grc' dir='ltr'><em>ἐκείνου</em></span> <span class='ocrx_word' id='word_1_111' title='bbox 1786 1409 1892 1465; x_wconf 83' lang='grc' dir='ltr'><em>ψυ-</em></span> 
     </span>
     <span class='ocr_line' id='line_1_16' title="bbox 194 1487 1995 1561; baseline 0.002 -21"><span class='ocrx_word' id='word_1_112' title='bbox 194 1490 299 1558; x_wconf 85' lang='grc' dir='ltr'><em>χὴν</em></span> <span class='ocrx_word' id='word_1_113' title='bbox 347 1491 498 1556; x_wconf 83' lang='grc' dir='ltr'><em>ἔλεγε</em></span> <span class='ocrx_word' id='word_1_114' title='bbox 545 1489 960 1558; x_wconf 76' lang='grc' dir='ltr'><em>συνδιατρίβειν</em></span> <span class='ocrx_word' id='word_1_115' title='bbox 1007 1489 1155 1561; x_wconf 74' lang='grc' dir='ltr'><em>αὐτῷ</em></span> <span class='ocrx_word' id='word_1_116' title='bbox 1206 1487 1298 1542; x_wconf 82' lang='grc' dir='ltr'><em>καὶ</em></span> <span class='ocrx_word' id='word_1_117' title='bbox 1344 1490 1562 1559; x_wconf 83' lang='grc' dir='ltr'><em>νύκτωρ</em></span> <span class='ocrx_word' id='word_1_118' title='bbox 1609 1488 1702 1542; x_wconf 82' lang='grc' dir='ltr'><em>καὶ</em></span> <span class='ocrx_word' id='word_1_119' title='bbox 1756 1487 1880 1559; x_wconf 89' lang='grc' dir='ltr'><em>μεθ’</em></span> <span class='ocrx_word' id='word_1_120' title='bbox 1915 1511 1995 1546; x_wconf 81' lang='lat'><em>15-</em></span> 
     </span>
     <span class='ocr_line' id='line_1_17' title="bbox 195 1575 1889 1649; baseline 0.001 -20"><span class='ocrx_word' id='word_1_121' title='bbox 195 1576 424 1645; x_wconf 82' lang='grc' dir='ltr'><em>ἡμέραν,</em></span> <span class='ocrx_word' id='word_1_122' title='bbox 479 1575 569 1630; x_wconf 83' lang='grc' dir='ltr'><em>καὶ</em></span> <span class='ocrx_word' id='word_1_123' title='bbox 625 1577 709 1630; x_wconf 85' lang='grc' dir='ltr'><em>ὅτι</em></span> <span class='ocrx_word' id='word_1_124' title='bbox 766 1578 1158 1646; x_wconf 84' lang='grc' dir='ltr'><em>παρεκελεύετο</em></span> <span class='ocrx_word' id='word_1_125' title='bbox 1214 1578 1287 1648; x_wconf 86' lang='grc' dir='ltr'><em>μὴ</em></span> <span class='ocrx_word' id='word_1_126' title='bbox 1344 1576 1666 1649; x_wconf 83' lang='grc' dir='ltr'><em>διέρχεσθαι</em></span> <span class='ocrx_word' id='word_1_127' title='bbox 1717 1579 1889 1631; x_wconf 89' lang='grc' dir='ltr'><em>τόπον</em></span> 
     </span>
     <span class='ocr_line' id='line_1_18' title="bbox 194 1665 1890 1737; baseline 0 -18"><span class='ocrx_word' id='word_1_128' title='bbox 194 1665 277 1736; x_wconf 82' lang='grc' dir='ltr'><em>ἐφ’</em></span> <span class='ocrx_word' id='word_1_129' title='bbox 319 1666 385 1719; x_wconf 89' lang='grc' dir='ltr'><em>ὃν</em></span> <span class='ocrx_word' id='word_1_130' title='bbox 425 1665 494 1719; x_wconf 75' lang='grc' dir='ltr'><em>ἂν</em></span> <span class='ocrx_word' id='word_1_131' title='bbox 536 1667 665 1729; x_wconf 86' lang='grc' dir='ltr'><em>ὄνος</em></span> <span class='ocrx_word' id='word_1_132' title='bbox 703 1666 932 1737; x_wconf 85' lang='grc' dir='ltr'><em>ὀκλάσῃ,</em></span> <span class='ocrx_word' id='word_1_133' title='bbox 974 1665 1065 1719; x_wconf 82' lang='grc' dir='ltr'><em>καὶ</em></span> <span class='ocrx_word' id='word_1_134' title='bbox 1104 1675 1217 1719; x_wconf 83' lang='grc' dir='ltr'><em>τῶν</em></span> <span class='ocrx_word' id='word_1_135' title='bbox 1257 1668 1462 1732; x_wconf 85' lang='grc' dir='ltr'><em>διψίων</em></span> <span class='ocrx_word' id='word_1_136' title='bbox 1500 1667 1722 1720; x_wconf 86' lang='grc' dir='ltr'><em>ὑδάτων</em></span> <span class='ocrx_word' id='word_1_137' title='bbox 1762 1665 1890 1719; x_wconf 81' lang='grc' dir='ltr'><em>ἀπέ-</em></span> 
     </span>
     <span class='ocr_line' id='line_1_19' title="bbox 191 1750 1890 1825; baseline 0 -18"><span class='ocrx_word' id='word_1_138' title='bbox 191 1760 415 1824; x_wconf 86' lang='grc' dir='ltr'><em>χεσθαι,</em></span> <span class='ocrx_word' id='word_1_139' title='bbox 467 1753 558 1807; x_wconf 84' lang='grc' dir='ltr'><em>καὶ</em></span> <span class='ocrx_word' id='word_1_140' title='bbox 605 1755 783 1824; x_wconf 92' lang='grc' dir='ltr'><em>πάσης</em></span> <span class='ocrx_word' id='word_1_141' title='bbox 828 1753 1051 1825; x_wconf 83' lang='grc' dir='ltr'><em>ἀπέχειν</em></span> <span class='ocrx_word' id='word_1_142' title='bbox 1098 1758 1463 1825; x_wconf 89' lang='grc' dir='ltr'><em>βλασφημίας.</em></span> <span class='ocrx_word' id='word_1_143' title='bbox 1543 1754 1726 1824; x_wconf 82' lang='grc'>&lt;165&gt;</span> <span class='ocrx_word' id='word_1_144' title='bbox 1773 1750 1890 1807; x_wconf 82' lang='grc' dir='ltr'><em>εἶτα</em></span> 
     </span>
     <span class='ocr_line' id='line_1_20' title="bbox 189 1842 1888 1914; baseline 0 -18"><span class='ocrx_word' id='word_1_145' title='bbox 189 1846 528 1912; x_wconf 90' lang='grc' dir='ltr'><em>προστίθησι</em></span> <span class='ocrx_word' id='word_1_146' title='bbox 583 1844 716 1913; x_wconf 80' lang='grc' dir='ltr'><em>μετὰ</em></span> <span class='ocrx_word' id='word_1_147' title='bbox 762 1852 933 1898; x_wconf 86' lang='grc' dir='ltr'><em>ταῦτα</em></span> <span class='ocrx_word' id='word_1_148' title='bbox 986 1842 1077 1897; x_wconf 83' lang='grc' dir='ltr'><em>καὶ</em></span> <span class='ocrx_word' id='word_1_149' title='bbox 1125 1845 1279 1897; x_wconf 87' lang='grc' dir='ltr'><em>τάδε·</em></span> <span class='ocrx_word' id='word_1_150' title='bbox 1337 1843 1532 1898; x_wconf 63' lang='grc' dir='ltr'><em>εταῦτα</em></span> <span class='ocrx_word' id='word_1_151' title='bbox 1581 1842 1629 1897; x_wconf 85' lang='grc' dir='ltr'><em>δ’</em></span> <span class='ocrx_word' id='word_1_152' title='bbox 1662 1845 1888 1914; x_wconf 79' lang='grc' dir='ltr'><em>ἔπραττε</em></span> 
     </span>
     <span class='ocr_line' id='line_1_21' title="bbox 189 1930 1956 2005; baseline 0.001 -20"><span class='ocrx_word' id='word_1_153' title='bbox 189 1930 280 1985; x_wconf 77' lang='grc' dir='ltr'><em>καὶ</em></span> <span class='ocrx_word' id='word_1_154' title='bbox 320 1934 469 2000; x_wconf 83' lang='grc' dir='ltr'><em>ἔλεγε</em></span> <span class='ocrx_word' id='word_1_155' title='bbox 509 1934 604 1996; x_wconf 78' lang='grc' dir='ltr'><em>τὰς</em></span> <span class='ocrx_word' id='word_1_156' title='bbox 635 1931 924 1987; x_wconf 87' lang='grc' dir='ltr'><em>Ἰουδαίων</em></span> <span class='ocrx_word' id='word_1_157' title='bbox 956 1931 1047 1986; x_wconf 83' lang='grc' dir='ltr'><em>καὶ</em></span> <span class='ocrx_word' id='word_1_158' title='bbox 1085 1936 1321 2005; x_wconf 79' lang='grc' dir='ltr'><em>Θρακῶν</em></span> <span class='ocrx_word' id='word_1_159' title='bbox 1355 1932 1517 1997; x_wconf 84' lang='grc' dir='ltr'><em>δόξας</em></span> <span class='ocrx_word' id='word_1_160' title='bbox 1548 1933 1889 2002; x_wconf 86' lang='grc' dir='ltr'><em>μιμούμενος</em></span> <span class='ocrx_word' id='word_1_161' title='bbox 1913 1955 1956 1987; x_wconf 84' lang='lat'><em>20</em></span> 
     </span>
     <span class='ocr_line' id='line_1_22' title="bbox 190 2018 1888 2091; baseline 0.001 -18"><span class='ocrx_word' id='word_1_162' title='bbox 190 2018 283 2073; x_wconf 77' lang='grc' dir='ltr'><em>καὶ</em></span> <span class='ocrx_word' id='word_1_163' title='bbox 322 2020 644 2091; x_wconf 86' lang='grc' dir='ltr'><em>μεταφέρων</em></span> <span class='ocrx_word' id='word_1_164' title='bbox 676 2023 755 2085; x_wconf 85' lang='grc' dir='ltr'><em>εἰς</em></span> <span class='ocrx_word' id='word_1_165' title='bbox 786 2020 1020 2075; x_wconf 81' lang='grc' dir='ltr'><em>ἑαυτόν.’</em></span> <span class='ocrx_word' id='word_1_166' title='bbox 1083 2021 1298 2090; x_wconf 89' lang='grc' dir='ltr'><em>λέγεται</em></span> <span class='ocrx_word' id='word_1_167' title='bbox 1338 2023 1442 2091; x_wconf 79' lang='grc' dir='ltr'><em>γὰρ</em></span> <span class='ocrx_word' id='word_1_168' title='bbox 1484 2023 1556 2085; x_wconf 81' lang='grc' dir='ltr'><em>ὡς</em></span> <span class='ocrx_word' id='word_1_169' title='bbox 1596 2021 1820 2091; x_wconf 83' lang='grc' dir='ltr'><em>ἀληθῶς</em></span> <span class='ocrx_word' id='word_1_170' title='bbox 1860 2021 1888 2075; x_wconf 90' lang='grc' dir='ltr'>ὁ</span> 
     </span>
     <span class='ocr_line' id='line_1_23' title="bbox 189 2108 1890 2181; baseline 0.001 -20"><span class='ocrx_word' id='word_1_171' title='bbox 189 2108 331 2179; x_wconf 77' lang='grc' dir='ltr'><em>ἀνὴρ</em></span> <span class='ocrx_word' id='word_1_172' title='bbox 373 2109 582 2173; x_wconf 78' lang='grc' dir='ltr'><em>ἐκεῖνος</em></span> <span class='ocrx_word' id='word_1_173' title='bbox 627 2111 805 2164; x_wconf 77' lang='grc' dir='ltr'><em>πολλὰ</em></span> <span class='ocrx_word' id='word_1_174' title='bbox 843 2119 955 2164; x_wconf 82' lang='grc' dir='ltr'><em>τῶν</em></span> <span class='ocrx_word' id='word_1_175' title='bbox 994 2112 1142 2181; x_wconf 76' lang='grc' dir='ltr'><em>παρὰ</em></span> <span class='ocrx_word' id='word_1_176' title='bbox 1181 2110 1474 2174; x_wconf 89' lang='grc' dir='ltr'><em>Ἰουδαίοις</em></span> <span class='ocrx_word' id='word_1_177' title='bbox 1518 2113 1773 2180; x_wconf 90' lang='grc' dir='ltr'><em>νομίμων</em></span> <span class='ocrx_word' id='word_1_178' title='bbox 1811 2110 1890 2173; x_wconf 86' lang='grc' dir='ltr'><em>εἰς</em></span> 
     </span>
     <span class='ocr_line' id='line_1_24' title="bbox 183 2195 1889 2270; baseline 0.001 -20"><span class='ocrx_word' id='word_1_179' title='bbox 183 2199 287 2267; x_wconf 86' lang='grc' dir='ltr'><em>τὴν</em></span> <span class='ocrx_word' id='word_1_180' title='bbox 325 2199 500 2253; x_wconf 84' lang='grc' dir='ltr'><em>αὑτοῦ</em></span> <span class='ocrx_word' id='word_1_181' title='bbox 539 2209 886 2268; x_wconf 81' lang='grc' dir='ltr'><em>μετενεγκεῖν</em></span> <span class='ocrx_word' id='word_1_182' title='bbox 925 2202 1279 2270; x_wconf 90' lang='grc' dir='ltr'><em>φιλοσοφίαν.</em></span> <span class='ocrx_word' id='word_1_183' title='bbox 1359 2199 1540 2268; x_wconf 87' lang='grc'>&lt;166&gt;</span> <span class='ocrx_word' id='word_1_184' title='bbox 1581 2195 1651 2268; x_wconf 74' lang='grc' dir='ltr'><em>ἦν</em></span> <span class='ocrx_word' id='word_1_185' title='bbox 1693 2195 1756 2252; x_wconf 74' lang='grc' dir='ltr'><em>δὲ</em></span> <span class='ocrx_word' id='word_1_186' title='bbox 1796 2196 1889 2252; x_wconf 85' lang='grc' dir='ltr'><em>καὶ</em></span> 
     </span>
     <span class='ocr_line' id='line_1_25' title="bbox 185 2285 1884 2358; baseline -0.001 -18"><span class='ocrx_word' id='word_1_187' title='bbox 185 2288 323 2340; x_wconf 80' lang='grc' dir='ltr'><em>κατὰ</em></span> <span class='ocrx_word' id='word_1_188' title='bbox 361 2290 548 2351; x_wconf 86' lang='grc' dir='ltr'><em>πόλεις</em></span> <span class='ocrx_word' id='word_1_189' title='bbox 589 2287 691 2341; x_wconf 87' lang='grc' dir='ltr'><em>οὐκ</em></span> <span class='ocrx_word' id='word_1_190' title='bbox 729 2289 1017 2355; x_wconf 78' lang='grc' dir='ltr'><em>ἄγνωστον</em></span> <span class='ocrx_word' id='word_1_191' title='bbox 1054 2287 1210 2358; x_wconf 83' lang='grc' dir='ltr'><em>ἡμῶν</em></span> <span class='ocrx_word' id='word_1_192' title='bbox 1248 2288 1418 2342; x_wconf 89' lang='grc' dir='ltr'><em>πάλαι</em></span> <span class='ocrx_word' id='word_1_193' title='bbox 1457 2290 1517 2342; x_wconf 89' lang='grc' dir='ltr'><em>τὸ</em></span> <span class='ocrx_word' id='word_1_194' title='bbox 1560 2290 1752 2352; x_wconf 84' lang='grc' dir='ltr'><em>ἔθνος,</em></span> <span class='ocrx_word' id='word_1_195' title='bbox 1795 2285 1884 2339; x_wconf 82' lang='grc' dir='ltr'><em>καὶ</em></span> 
     </span>
     <span class='ocr_line' id='line_1_26' title="bbox 182 2373 1957 2447; baseline 0.001 -18"><span class='ocrx_word' id='word_1_196' title='bbox 182 2377 365 2430; x_wconf 82' lang='grc' dir='ltr'><em>πολλὰ</em></span> <span class='ocrx_word' id='word_1_197' title='bbox 426 2385 538 2430; x_wconf 84' lang='grc' dir='ltr'><em>τῶν</em></span> <span class='ocrx_word' id='word_1_198' title='bbox 593 2376 743 2429; x_wconf 84' lang='grc' dir='ltr'><em>ε’θῶν</em></span> <span class='ocrx_word' id='word_1_199' title='bbox 800 2382 876 2439; x_wconf 78' lang='grc' dir='ltr'><em>εἷς</em></span> <span class='ocrx_word' id='word_1_200' title='bbox 936 2396 1089 2441; x_wconf 90' lang='grc' dir='ltr'><em>τινας</em></span> <span class='ocrx_word' id='word_1_201' title='bbox 1145 2378 1251 2446; x_wconf 78' lang='grc' dir='ltr'><em>ἤδη</em></span> <span class='ocrx_word' id='word_1_202' title='bbox 1317 2379 1732 2447; x_wconf 85' lang='grc' dir='ltr'><em>διαπεφοιτήκει</em></span> <span class='ocrx_word' id='word_1_203' title='bbox 1793 2373 1887 2428; x_wconf 83' lang='grc' dir='ltr'><em>καὶ</em></span> <span class='ocrx_word' id='word_1_204' title='bbox 1913 2397 1957 2430; x_wconf 77' lang='lat'><em>25</em></span> 
     </span>
     <span class='ocr_line' id='line_1_27' title="bbox 191 2463 1888 2535; baseline -0.001 -17"><span class='ocrx_word' id='word_1_205' title='bbox 191 2467 356 2533; x_wconf 81' lang='grc' dir='ltr'><em>ζήλου</em></span> <span class='ocrx_word' id='word_1_206' title='bbox 411 2463 539 2535; x_wconf 87' lang='grc' dir='ltr'><em>παρ’</em></span> <span class='ocrx_word' id='word_1_207' title='bbox 580 2464 749 2528; x_wconf 82' lang='grc' dir='ltr'><em>ἐνίοις</em></span> <span class='ocrx_word' id='word_1_208' title='bbox 802 2464 1038 2534; x_wconf 81' lang='grc' dir='ltr'><em>ἠξιοῦτο.</em></span> <span class='ocrx_word' id='word_1_209' title='bbox 1125 2467 1293 2534; x_wconf 79' lang='grc' dir='ltr'><em>δηλοῖ</em></span> <span class='ocrx_word' id='word_1_210' title='bbox 1342 2463 1403 2519; x_wconf 76' lang='grc' dir='ltr'><em>δὲ</em></span> <span class='ocrx_word' id='word_1_211' title='bbox 1454 2466 1483 2519; x_wconf 83' lang='grc' dir='ltr'>ὁ</span> <span class='ocrx_word' id='word_1_212' title='bbox 1535 2467 1888 2534; x_wconf 83' lang='grc' dir='ltr'><em>Θεόφραστος</em></span> 
     </span>
     <span class='ocr_line' id='line_1_28' title="bbox 187 2552 1887 2625; baseline -0.001 -18"><span class='ocrx_word' id='word_1_213' title='bbox 187 2553 249 2607; x_wconf 82' lang='grc' dir='ltr'><em>ἐν</em></span> <span class='ocrx_word' id='word_1_214' title='bbox 295 2564 411 2618; x_wconf 82' lang='grc' dir='ltr'><em>τοῖς</em></span> <span class='ocrx_word' id='word_1_215' title='bbox 463 2552 589 2624; x_wconf 88' lang='grc' dir='ltr'><em>περὶ</em></span> <span class='ocrx_word' id='word_1_216' title='bbox 645 2557 860 2623; x_wconf 87' lang='grc' dir='ltr'><em>νόμων·</em></span> <span class='ocrx_word' id='word_1_217' title='bbox 917 2555 1099 2622; x_wconf 82' lang='grc'>&lt;167&gt;</span> <span class='ocrx_word' id='word_1_218' title='bbox 1148 2554 1295 2623; x_wconf 86' lang='grc' dir='ltr'><em>λέγει</em></span> <span class='ocrx_word' id='word_1_219' title='bbox 1348 2557 1453 2625; x_wconf 80' lang='grc' dir='ltr'><em>γὰρ</em></span> <span class='ocrx_word' id='word_1_220' title='bbox 1502 2555 1586 2607; x_wconf 85' lang='grc' dir='ltr'><em>ὅτι</em></span> <span class='ocrx_word' id='word_1_221' title='bbox 1639 2555 1887 2607; x_wconf 86' lang='grc' dir='ltr'><em>κωλύου-</em></span> 
     </span>
     <span class='ocr_line' id='line_1_29' title="bbox 187 2642 1887 2714; baseline -0.001 -18"><span class='ocrx_word' id='word_1_222' title='bbox 187 2659 278 2696; x_wconf 90' lang='grc' dir='ltr'><em>σιν</em></span> <span class='ocrx_word' id='word_1_223' title='bbox 334 2643 392 2696; x_wconf 81' lang='grc' dir='ltr'><em>οί</em></span> <span class='ocrx_word' id='word_1_224' title='bbox 442 2645 662 2713; x_wconf 89' lang='grc' dir='ltr'><em>Τυρίων</em></span> <span class='ocrx_word' id='word_1_225' title='bbox 717 2645 881 2711; x_wconf 92' lang='grc' dir='ltr'><em>νόμοι</em></span> <span class='ocrx_word' id='word_1_226' title='bbox 944 2643 1192 2707; x_wconf 81' lang='grc' dir='ltr'><em>ξενικοὺς</em></span> <span class='ocrx_word' id='word_1_227' title='bbox 1247 2643 1447 2714; x_wconf 83' lang='grc' dir='ltr'><em>ὅρκους</em></span> <span class='ocrx_word' id='word_1_228' title='bbox 1508 2643 1764 2712; x_wconf 85' lang='grc' dir='ltr'><em>ὀμνύειν,</em></span> <span class='ocrx_word' id='word_1_229' title='bbox 1827 2642 1887 2695; x_wconf 80' lang='grc' dir='ltr'><em>ἐν</em></span> 
     </span>
     <span class='ocr_line' id='line_1_30' title="bbox 185 2725 1886 2801; baseline -0.002 -16"><span class='ocrx_word' id='word_1_230' title='bbox 185 2725 268 2795; x_wconf 83' lang='grc' dir='ltr'><em>οἷς</em></span> <span class='ocrx_word' id='word_1_231' title='bbox 329 2733 463 2800; x_wconf 90' lang='grc' dir='ltr'><em>μετά</em></span> <span class='ocrx_word' id='word_1_232' title='bbox 525 2751 695 2784; x_wconf 90' lang='grc' dir='ltr'><em>τινων</em></span> <span class='ocrx_word' id='word_1_233' title='bbox 751 2733 937 2784; x_wconf 79' lang='grc' dir='ltr'><em>ἄλλων</em></span> <span class='ocrx_word' id='word_1_234' title='bbox 999 2730 1091 2786; x_wconf 85' lang='grc' dir='ltr'><em>καὶ</em></span> <span class='ocrx_word' id='word_1_235' title='bbox 1153 2733 1251 2785; x_wconf 92' lang='grc' dir='ltr'><em>τὸν</em></span> <span class='ocrx_word' id='word_1_236' title='bbox 1312 2733 1661 2801; x_wconf 83' lang='grc' dir='ltr'><em>καλούμενον</em></span> <span class='ocrx_word' id='word_1_237' title='bbox 1716 2731 1886 2801; x_wconf 80' lang='grc' dir='ltr'><em>ὅρκον</em></span> 
     </span>
     <span class='ocr_line' id='line_1_31' title="bbox 185 2817 1955 2891; baseline 0.001 -18"><span class='ocrx_word' id='word_1_238' title='bbox 185 2821 396 2890; x_wconf 74' lang='grc' dir='ltr'><em>κορβᾶν</em></span> <span class='ocrx_word' id='word_1_239' title='bbox 435 2825 782 2891; x_wconf 81' lang='grc' dir='ltr'><em>καταριθμεῖ.</em></span> <span class='ocrx_word' id='word_1_240' title='bbox 852 2817 978 2887; x_wconf 83' lang='grc' dir='ltr'><em>παρ’</em></span> <span class='ocrx_word' id='word_1_241' title='bbox 1013 2820 1205 2874; x_wconf 88' lang='grc' dir='ltr'><em>οὐδενὶ</em></span> <span class='ocrx_word' id='word_1_242' title='bbox 1245 2818 1293 2874; x_wconf 88' lang='grc' dir='ltr'><em>δ’</em></span> <span class='ocrx_word' id='word_1_243' title='bbox 1327 2820 1398 2874; x_wconf 75' lang='grc' dir='ltr'><em>ἂν</em></span> <span class='ocrx_word' id='word_1_244' title='bbox 1429 2817 1590 2884; x_wconf 83' lang='grc' dir='ltr'><em>οὗτος</em></span> <span class='ocrx_word' id='word_1_245' title='bbox 1630 2820 1886 2890; x_wconf 85' lang='grc' dir='ltr'><em>εὑρεθείη</em></span> <span class='ocrx_word' id='word_1_246' title='bbox 1910 2841 1955 2874; x_wconf 80' lang='lat'><em>30</em></span> 
     </span>
     <span class='ocr_line' id='line_1_32' title="bbox 183 2908 1887 2978; baseline 0.001 -17"><span class='ocrx_word' id='word_1_247' title='bbox 183 2909 329 2977; x_wconf 89' lang='grc' dir='ltr'><em>πλὴν</em></span> <span class='ocrx_word' id='word_1_248' title='bbox 380 2911 574 2978; x_wconf 92' lang='grc' dir='ltr'><em>μόνοις</em></span> <span class='ocrx_word' id='word_1_249' title='bbox 620 2909 939 2977; x_wconf 82' lang='grc' dir='ltr'><em>Ἰουδαίοις,</em></span> <span class='ocrx_word' id='word_1_250' title='bbox 996 2910 1164 2978; x_wconf 77' lang='grc' dir='ltr'><em>δηλοῖ</em></span> <span class='ocrx_word' id='word_1_251' title='bbox 1214 2908 1293 2978; x_wconf 89' lang='grc' dir='ltr'><em>δ’,</em></span> <span class='ocrx_word' id='word_1_252' title='bbox 1348 2910 1420 2973; x_wconf 85' lang='grc' dir='ltr'><em>ὡς</em></span> <span class='ocrx_word' id='word_1_253' title='bbox 1474 2908 1544 2962; x_wconf 76' lang='grc' dir='ltr'><em>ἂν</em></span> <span class='ocrx_word' id='word_1_254' title='bbox 1591 2914 1738 2963; x_wconf 77' lang='grc' dir='ltr'><em>εἴποι</em></span> <span class='ocrx_word' id='word_1_255' title='bbox 1783 2927 1887 2977; x_wconf 88' lang='grc' dir='ltr'><em>τις,</em></span> 
     </span>
    </p>
   </div>
  </div>
 </body>
</html>
