2032 3128
705 126 917 168 ΛοΓοΣ
948 124 1235 166 ΕΒΔοΜοΣ
1695 117 1799 169 169

117 271 281 316 τοῦτο
330 261 576 314 συνιδὼν
623 260 653 313 ὁ
701 262 911 321 Σίλεας
955 255 1089 325 πυρὶ
1139 261 1349 326 μᾶλλον
1396 255 1647 323 αἱρήσειν
1686 252 1804 306 ἐνό-

122 354 234 410 μιζε
272 353 333 403 τὸ
373 358 575 418 τεῖχος,
625 346 716 401 καὶ
762 357 878 409 τοῖς
917 346 1271 414 στρατιώταις
1307 341 1633 413 προσέταττε
1674 346 1805 410 λαμ-

119 430 296 491 πάδας
334 435 634 496 αἰθομένας
672 435 918 504 ἀθρόους
956 435 1359 497 εἰσακοντίζειν.
1424 432 1607 500 <316>
1636 432 1699 484 τὸ
1732 428 1807 498 δ’,

121 510 210 570 οἷα
250 518 318 584 δὴ
359 517 539 579 ξύλων
577 518 638 569 τὸ
678 515 847 569 πλέον
887 515 1286 584 πεποιημένον,
1325 523 1461 582 ταχὺ
1499 527 1599 572 τοῦ
1637 519 1810 587 πυρὸς

75 627 95 659 5
121 605 472 672 ἀντελάβετο,
529 603 620 657 καὶ
673 612 737 674 τῇ
792 606 1088 672 χαυνότητι
1141 596 1406 669 πυρωθὲν
1455 602 1546 654 διὰ
1596 602 1812 670 βάθους

122 696 304 763 φλόγα
357 694 570 761 πολλὴν
624 692 1039 758 ἐξεπύρσευσεν.
1116 690 1299 757 (317)
1349 688 1660 759 ἀρχομένου
1710 688 1811 758 μὲν

122 778 227 835 οὖν
280 783 359 834 ἔτι
410 789 510 834 τοῦ
564 782 740 846 πυρὸς
799 783 1007 846 βορρᾶς
1061 777 1312 846 ἐμπνέων
1366 787 1482 839 τοῖς
1531 776 1812 847 Ῥωμαίοις

119 858 358 935 φοβερὸς
410 863 502 933 ἦν·
573 866 798 918 ἄνωθεν
852 867 957 934 γὰρ
1012 864 1375 935 ἀποστρέφων
1429 864 1511 920 ἐπ’
1565 866 1813 930 ἐκείνους

118 956 325 1023 ἤλαυνε
364 955 467 1022 τὴν
505 956 713 1022 φλόγα,
752 951 843 1006 καὶ
883 954 1083 1023 σχεδὸν
1123 955 1229 1021 ἤδη
1261 963 1372 1007 τῶν
1406 955 1812 1024 μηχανημάτων

54 1065 97 1096 10
120 1042 193 1104 ὡς
240 1040 782 1111 συμφλεγησομένων
830 1041 1234 1109 ἀπεγνώκεσαν.
1311 1043 1493 1112 <318>
1531 1046 1716 1096 ἔπειτα
1756 1043 1804 1097 δ’

121 1132 410 1200 αἰφνίδιον
470 1133 635 1193 νότος
694 1131 1018 1199 μεταβαλὼν
1079 1132 1331 1202 καθάπερ
1395 1131 1454 1184 ἐκ
1520 1133 1813 1200 δαιμονίου

118 1220 410 1288 προνοίας,
456 1217 548 1272 καὶ
588 1221 763 1282 πολὺς
802 1217 1050 1281 ἐναντιός
1087 1220 1358 1288 πνεύσας,
1397 1227 1472 1292 τῷ
1513 1224 1676 1290 τείχει
1717 1220 1814 1290 φέ-

121 1327 237 1376 ρων
299 1308 472 1376 αὐτὴν
540 1307 884 1378 προσέβαλε,
952 1306 1043 1360 καὶ
1104 1316 1215 1361 πᾶν
1277 1310 1382 1378 ἤδη
1446 1310 1538 1362 διὰ
1599 1310 1814 1378 βάθους

122 1394 394 1465 ἐφλέγετο.

53 1507 95 1540 15
233 1485 415 1554 (319)
454 1482 710 1553 Ῥωμαῖοι
756 1481 857 1553 μὲν
906 1481 1010 1538 οὗν
1059 1493 1123 1555 τῇ
1174 1487 1322 1555 παρὰ
1360 1495 1459 1540 τοῦ
1497 1492 1639 1540 θεοῦ
1679 1501 1813 1556 συμ-

121 1577 290 1645 μαχίᾳ
327 1572 655 1643 κεχρημένοι
693 1576 979 1644 χαίροντες
1017 1576 1099 1637 εἰς
1137 1577 1198 1628 τὸ
1241 1577 1613 1643 στρατόπεδον
1645 1575 1813 1644 ἀπηλ-

119 1662 404 1730 λάττοντο,
451 1660 578 1731 μεθ’
625 1662 838 1731 ἡμέραν
884 1661 1180 1733 ἐπιχειρεῖν
1227 1673 1343 1726 τοῖς
1388 1668 1671 1733 πολεμίοις
1703 1666 1813 1717 διε-

119 1754 412 1819 γνωκότες,
443 1749 534 1804 καὶ
565 1752 662 1814 τὰς
691 1752 942 1821 φυλακὰς
972 1753 1191 1822 νύκτωρ
1224 1751 1637 1822 ἐπιμελεστέρας
1669 1753 1814 1806 ἐποι-

118 1842 353 1909 ήσαντο,
393 1843 467 1909 μή
507 1859 652 1915 τινες
690 1841 875 1893 αὐτῶν
915 1841 1168 1894 λάθωσιν
1207 1840 1570 1907 ἀποδράντες·
1633 1842 1815 1911 <320>

16 1952 20 1955 ’
53 1952 97 1983 20
120 1927 189 1981 οὐ
227 1929 338 1996 μὴν
385 1926 500 1982 οὔτ’
546 1929 712 1992 αὐτὸς
744 1923 1064 1998 Ἐλεάζαρος
1111 1929 1172 1983 ἐν
1196 1938 1290 2001 νῷ
1331 1931 1579 2000 δρασμὸν
1619 1932 1816 1999 ἔλαβεν

122 2015 240 2070 οὔτ’
277 2018 425 2088 ἄλλῳ
457 2015 568 2070 τινὶ
599 2026 762 2071 τοῦτο
794 2027 977 2070 ποιεῖν
1010 2020 1237 2087 ἔμελλεν
1269 2018 1596 2088 ἐπιτρέψειν.
1635 2019 1816 2087 <321>

121 2105 269 2173 ὁρῶν
318 2102 380 2157 δὲ
425 2107 486 2159 τὸ
535 2102 638 2174 μὲν
684 2116 862 2176 τεῖχος
906 2106 1014 2159 ὑπὸ
1061 2116 1163 2160 τοῦ
1200 2109 1375 2175 πυρὸς
1413 2107 1815 2177 ἀναλούμενον,

120 2194 292 2246 ἄλλον
326 2191 376 2246 δ’
414 2188 620 2248 οὐδένα
653 2198 925 2264 σωτηρίας
955 2198 1164 2266 τρόπον
1196 2195 1316 2250 οὐδ’
1358 2196 1525 2265 ἀλκῆς
1558 2197 1817 2265 ἐπινοῶν,

121 2282 155 2335 ἃ
203 2281 251 2335 δ’
294 2284 525 2351 ἔμελλον
563 2281 820 2352 Ῥωμαῖοι
868 2284 1097 2354 δράσειν
1143 2285 1346 2348 αὐτοὺς
1393 2284 1484 2338 καὶ
1523 2285 1687 2339 τέκνα
1725 2285 1816 2339 καὶ

58 2394 100 2426 25
124 2381 389 2440 γυναῖκας
428 2371 637 2439 αὐτῶν,
677 2374 730 2424 εἰ
765 2374 1121 2442 κρατήσειαν,
1169 2371 1262 2427 ὑπ’
1301 2374 1629 2443 ὀφθαλμοὺς
1667 2375 1814 2445 αὑτῷ

120 2459 435 2529 τιθέμενος,
474 2461 726 2514 θάνατον
765 2462 902 2513 κατὰ
939 2462 1165 2515 πάντων
1197 2462 1579 2532 ἐβουλεύσατο.
1631 2464 1815 2532 <322>

119 2548 212 2602 καὶ
249 2557 414 2603 τοῦτο
453 2551 650 2617 κρίνας
689 2547 749 2601 ἐκ
787 2558 900 2602 τῶν
938 2552 1231 2620 παρόντων
1264 2552 1512 2621 ἄριστον,
1551 2553 1681 2613 τοὺς
1721 2550 1816 2604 ἀν-

122 2638 536 2706 δρωδεστάτους
581 2646 693 2690 τῶν
745 2635 979 2707 ἑταίρων
1027 2641 1360 2707 συναγαγὼν
1407 2641 1681 2703 τοιούτοις
1728 2637 1817 2692 ἐπὶ

119 2727 222 2794 τὴν
267 2725 468 2796 πρᾶξιν
514 2728 703 2794 λόγοις
743 2727 1054 2795 παρεκάλει.
1130 2728 1314 2797 <323>
1356 2729 1550 2782 ‘adstat
1590 2729 1817 2796 διεγνω-

55 2837 99 2869 30
122 2818 286 2877 κότας
322 2814 486 2884 ἡμᾶς,
525 2815 724 2884 ἄνδρες
757 2814 989 2884 ἀγαθοί,
1029 2819 1161 2886 μήτε
1194 2816 1477 2886 Ῥωμαίοις
1507 2814 1626 2886 μήτ’
1667 2818 1816 2890 ἄλλῳ

123 2902 235 2956 τινὶ
281 2904 572 2957 δουλεύειν
618 2902 652 2972 ἢ
698 2909 814 2975 θεῷ
861 2902 1059 2975 (μόνος
1103 2907 1209 2976 γὰρ
1250 2903 1412 2969 οὗτος
1450 2905 1664 2974 ἀληθής
1704 2905 1817 2958 ἐστι
