2032 3128
776 87 985 130 ΛΟΓΟΣ
1016 87 1216 129 ΕΚΤΟΣ
1751 85 1820 136 97

147 223 372 289 νόμενοι
418 217 544 273 καθ’
592 218 827 288 ἑκάστην
864 218 1098 288 ἡμέραν,
1147 218 1239 272 καὶ
1285 227 1384 274 τοῦ
1422 217 1824 292 προειρημένου

147 309 318 376 μηνὸς
356 306 563 377 ἑβδόμῃ
602 305 694 360 καὶ
731 306 909 359 εἰκάδι
940 308 1110 360 δόλον
1141 306 1556 371 ἐνσκευάζονται
1593 309 1826 361 τοιόνδε.

145 395 324 462 <178>
364 403 458 463 τῆς
504 393 759 464 ἑσπερίου
806 402 970 458 στοᾶς
1013 397 1074 448 τὸ
1121 394 1320 463 μεταξὺ
1367 405 1475 449 τῶν
1515 398 1696 450 δοκῶν
1733 394 1825 449 καὶ

145 490 240 549 τῆς
279 481 363 535 ἐπ’
410 483 600 546 αὐταῖς
638 483 844 553 ὀροφῆς
880 483 1018 552 ὕλης
1055 483 1466 552 ἀναπιμπλᾶσιν
1498 485 1651 552 αὔης,
1689 485 1828 552 πρὸς

99 593 120 625 5
146 568 196 622 δ’
241 569 525 639 ἀσφάλτου
564 590 621 624 τε
652 569 743 624 καὶ
774 574 987 640 πίττης,
1027 568 1202 624 ἔπειθ’
1242 571 1315 634 ὡς
1353 573 1827 641 καταπονούμενοι

145 659 320 726 δῆθεν
364 659 704 730 ὑπεχώρουν.
779 660 959 729 <179>
996 662 1133 729 πρὸς
1172 659 1201 712 ὃ
1248 669 1360 712 τῶν
1402 657 1503 728 μὲν
1543 659 1827 713 ἀσκέπτων

142 745 339 800 πολλοὶ
384 757 501 810 ταῖς
547 748 742 819 ὁρμαῖς
787 750 1084 819 φερόμενοι
1129 746 1484 818 προσέκειντο
1530 758 1646 810 τοῖς
1691 748 1828 801 ὑπο-

141 843 446 904 χωροῦσιν,
485 835 578 889 ἐπί
610 856 666 890 τε
706 837 806 904 τὴν
845 837 1014 890 στοὰν
1053 836 1273 905 ἐπήδων
1308 835 1682 907 προσθέμενοι
1712 838 1827 888 κλί-

142 940 335 992 μακας·
393 925 451 977 οἰ
502 921 564 977 δὲ
618 927 1002 993 συνετώτεροι,
1056 925 1157 993 τὴν
1204 925 1410 992 ἄλογον
1457 925 1666 995 τροπὴν
1715 934 1827 977 τῶν

61 1034 117 1068 '10
135 1009 420 1066 Ἰουδαίων
473 1013 899 1082 ὑπονοήσαντες,
954 1015 1165 1081 ἔμενον.
1242 1013 1424 1082 <180>
1475 1015 1825 1081 κατεπλήσθη

141 1098 330 1169 μέντοι
383 1109 494 1153 τῶν
547 1099 1021 1168 ἀναπηδησάντων
1075 1099 1109 1168 ἡ
1166 1100 1327 1168 στοά,
1384 1099 1488 1153 κάν
1541 1101 1716 1173 τούτῳ
1774 1100 1835 1154 οἰ

137 1186 411 1242 Ἰουδαῖοι
463 1196 644 1242 πᾶσαν
696 1187 1114 1257 ὑποπιμπρᾶσιν
1168 1188 1353 1256 αὐτήν.
1431 1187 1725 1258 αἰρομένης
1774 1184 1827 1241 δ’

143 1278 439 1346 αἰφνιδίως
475 1277 756 1330 πάντοθεν
794 1284 889 1346 τῆς
927 1279 1154 1345 φλογός,
1192 1278 1323 1339 τούς
1360 1274 1409 1330 τ’
1445 1276 1544 1340 ἔξω
1584 1284 1683 1330 τοῦ
1713 1297 1830 1330 κιν-

139 1365 314 1418 δύνου
354 1364 651 1435 Ῥωμαίους
696 1365 948 1434 ἔκπληξις
994 1364 1184 1434 ἐπέσχε
1231 1366 1386 1434 δεινὴ
1434 1363 1524 1418 καὶ
1563 1367 1692 1427 τοὺς
1733 1382 1829 1418 πε-

69 1475 111 1508 15
138 1453 492 1523 ρισχεθέντας
532 1453 819 1523 ἀμηχανία.
873 1453 1056 1522 <181>
1096 1454 1462 1522 κυκλούμενοι
1502 1450 1554 1505 δ’
1590 1452 1698 1506 ὑπὸ
1731 1461 1827 1522 τῆς

135 1543 345 1611 φλογὸς
399 1545 456 1595 οἳ
505 1539 606 1610 μὲν
660 1543 738 1604 εἰς
790 1542 892 1610 τὴν
944 1543 1109 1594 πόλιν
1167 1541 1342 1594 ὀπίσω
1396 1544 1824 1612 κατεκρήμνιζον

137 1628 389 1698 ἑαυτούς,
441 1633 499 1683 οἳ
546 1628 595 1683 δ’
639 1632 718 1693 εἰς
766 1632 894 1692 τοὺς
938 1631 1256 1698 πολεμίους·
1295 1627 1493 1683 πολλοὶ
1541 1627 1589 1682 δ’
1643 1629 1825 1683 ἐλπίδι

138 1722 407 1788 σωτηρίας
455 1721 535 1782 εἰς
585 1721 714 1782 τοὺς
763 1717 1064 1786 σφετέρους
1114 1719 1533 1787 καταπηδῶντες
1584 1717 1823 1772 ἐκλῶντο

135 1807 201 1860 τὰ
239 1806 399 1877 μέλη,
450 1811 722 1860 πλείστων
762 1805 809 1860 δ’
851 1809 1063 1877 ἔφθανε
1102 1808 1196 1869 τὰς
1235 1807 1406 1877 ὁρμὰς
1443 1809 1506 1860 τὸ
1545 1814 1684 1875 πῦρ,
1729 1810 1828 1861 καί

67 1918 111 1950 20
135 1915 282 1959 τινες
326 1898 427 1965 τὴν
475 1899 658 1966 φλόγα
705 1897 929 1970 σιδήρῳ.
1009 1895 1198 1965 (182)
1239 1905 1476 1966 περιεῖχε
1524 1894 1574 1949 δ’
1615 1895 1827 1960 εὐθέως

137 1983 227 2037 καὶ
273 1987 401 2047 τοὺς
456 1985 636 2047 ἄλλως
689 1984 1098 2055 φθειρομένους
1150 1986 1212 2038 τὸ
1263 1993 1374 2052 πῦρ
1429 1982 1518 2037 ἐπὶ
1569 1989 1831 2039 πλεῖστον

139 2072 527 2143 ἐκφερόμενον.
604 2076 860 2143 Καίσαρα
900 2072 987 2142 δέ,
1034 2076 1229 2143 καίπερ
1276 2075 1678 2143 χαλεπαίνοντα
1716 2083 1833 2137 τοῖς

138 2159 558 2229 ἀπολλυμένοις,
608 2161 796 2229 ἐπειδὴ
837 2163 963 2232 δίχα
1001 2160 1450 2231 παραγγέλματος
1499 2161 1831 2231 ἀναβεβήκε-

138 2263 261 2317 σαν,
303 2249 448 2317 ὅμως
487 2246 668 2312 οἶκτος
705 2247 878 2319 εἰσῄει
915 2259 1027 2302 τῶν
1066 2249 1306 2320 ἀνδρῶν.
1380 2250 1562 2319 <183>
1601 2249 1692 2304 καὶ
1731 2271 1833 2320 μη-

71 2359 114 2392 25
142 2338 300 2399 δενὸς
330 2339 710 2408 προσαμύνειν
742 2336 1077 2407 δυναμένου,
1109 2346 1272 2392 τοῦτο
1304 2345 1445 2407 γοῦν
1472 2341 1833 2409 παραμύθιον

139 2421 210 2494 ἧν
255 2434 371 2488 τοῖς
415 2426 839 2496 φθειρομένοις,
884 2429 945 2480 τὸ
993 2424 1219 2496 βλέπειν
1264 2424 1402 2498 ὑπὲρ
1450 2423 1518 2480 οὗ
1557 2448 1639 2490 τις
1676 2428 1834 2496 ἠφίει

141 2514 244 2582 τὴν
283 2515 467 2584 ψυχὴν
508 2514 885 2584 ὀδυνώμενον·
926 2518 1077 2584 βοῶν
1116 2534 1175 2568 τε
1214 2516 1317 2585 γὰρ
1358 2516 1546 2578 αὐτοῖς
1577 2514 1667 2568 καὶ
1697 2533 1834 2586 προ-

136 2604 330 2670 πηδῶν
367 2602 461 2656 καὶ
492 2612 606 2667 τοῖς
644 2602 769 2673 περὶ
808 2603 979 2657 αὐτὸν
1010 2602 1070 2656 ἐκ
1101 2612 1212 2656 τῶν
1245 2603 1488 2657 ἐνόντων
1528 2602 1833 2672 ἐπαμύνειν

134 2696 471 2764 ,παρακαλῶν
519 2693 685 2760 δῆλος
730 2688 815 2759 ἧν.
893 2692 1076 2760 <184>
1115 2692 1211 2754 τὰς
1259 2689 1322 2744 δὲ
1366 2692 1555 2760 φωνὰς
1609 2691 1835 2756 ἕκαστος

52 2801 113 2832 ‘30
139 2777 230 2832 καὶ
276 2781 378 2848 τὴν
425 2780 684 2833 διάθεσιν
730 2781 912 2849 ὥσπερ
957 2800 1011 2833 τι
1050 2782 1303 2849 λαμπρὸν
1343 2779 1639 2851 ἀποφέρων
1679 2780 1833 2834 ἐντά-

139 2887 299 2936 φιον,
347 2868 596 2937 εὔθυμος
642 2866 1007 2937 ἀπέθνησκεν.
1087 2867 1270 2938 <185>
1309 2869 1455 2921 ἔνιοί
1492 2887 1553 2936 γε
1593 2870 1703 2938 μὴν
1744 2867 1835 2922 ἐπὶ

228 2962 437 2995 ΙοεΕΡΗσε.
462 2963 530 2996 VI.
1511 2958 1535 2998 7
