2032 3128
172 856 201 906 7

164 2373 189 2411 2

235 101 306 153 38
663 105 788 147 ΤΟΤ
818 105 1158 147 ῙΟΤΔΑΙΚΟΤ
1186 105 1495 148 ΠΟΛΕΜΟΥ

232 237 333 304 τὴν
373 234 722 306 ἀναχώρησιν
769 235 859 290 καὶ
898 237 1160 307 Ἰωάννης
1207 239 1236 292 ὁ
1275 247 1386 291 τῶν
1429 236 1754 307 Ἰδουμαίων
1792 238 1917 306 ἡγε-

232 325 369 392 μών,
419 325 524 393 πρὸ
572 333 671 378 τοῦ
718 329 931 396 τείχους
984 329 1244 398 γνωρίμῳ
1290 325 1401 379 τινὶ
1453 328 1754 398 στρατιώτῃ
1802 328 1920 379 δια-

231 414 553 482 λεγόμενος,
600 413 709 467 ὑπό
747 434 897 476 τινος
934 424 1046 467 τῶν
1089 411 1336 485 Ἀράβων
1373 415 1509 467 κατὰ
1546 422 1646 468 τοῦ
1686 413 1918 483 στέρνου

230 499 506 563 τοξεύεται
559 500 650 554 καὶ
702 510 1032 572 παραχρῆμα
1082 504 1340 571 θνήσκει,
1396 501 1656 571 μέγιστον
1700 511 1816 564 τοῖς
1862 521 1918 554 τε

220 587 555 657 Ἰδουμαίοις
599 589 809 653 πένθος
855 589 945 644 καὶ
993 592 1173 659 λύπην
1221 600 1336 654 τοῖς
1383 600 1731 653 στασιασταῖς
1787 590 1920 644 ἀπο-

230 678 433 730 λιπών·
504 677 596 731 καὶ
659 679 763 748 γὰρ
824 679 960 732 κατά
1021 698 1077 732 τε
1146 689 1301 749 χεῖρα
1367 677 1460 732 καὶ
1522 677 1740 731 συνέσει
1803 678 1920 732 διά-

231 779 404 834 σημος
441 762 527 834 ἧν.
694 819 697 822 .

341 854 525 924 <291>
571 863 634 925 τῇ
683 853 734 908 δ’
764 854 993 925 ἐπιούσῃ
1041 853 1199 909 νυκτὶ
1245 857 1453 926 ταραχὴ
1500 853 1593 908 καὶ
1638 864 1753 917 τοῖς
1797 853 1921 907 Ῥω-

230 946 415 1011 μαίοις
470 943 719 1012 ἐμπίπτει
780 945 1107 1013 παράλογος.
1192 944 1375 1013 <292>
1428 953 1528 998 τοῦ
1591 945 1695 1011 γὰρ
1755 946 1920 996 Τίτου

227 1032 476 1101 πύργους
513 1040 659 1101 τρεῖς
704 1032 1103 1085 κατασκευάσαι
1149 1033 1510 1095 κελεύσαντος
1555 1050 1922 1099 πεντηκοντα-

1945 1056 1989 1088 10

227 1122 442 1189 πήχεις,
497 1118 574 1173 ἵν’
614 1118 845 1174 ἑκάστου
899 1122 1148 1191 χώματος
1201 1120 1494 1190 ἐπιστήσας
1548 1117 1661 1174 ἀπὸ
1708 1120 1922 1174 τούτων
2012 1131 2029 1139 ”

226 1211 357 1270 τοὺς
405 1206 492 1261 ἐπὶ
539 1216 638 1262 τοῦ
683 1212 898 1279 τείχους
945 1208 1224 1279 τρέποιτο,
1271 1207 1478 1278 συνέβη
1526 1218 1715 1262 πεσεῖν
1762 1208 1922 1261 αὐτο-

226 1296 407 1364 μάτως
447 1296 545 1350 ἕνα
585 1296 752 1366 μέσης
790 1300 1002 1361 νυκτός.
1072 1299 1252 1366 <293>
1286 1301 1547 1366 μεγίστου
1579 1295 1629 1350 δ’
1653 1294 1922 1366 ἀρθέντος

226 1387 415 1454 ψόφου
457 1384 581 1448 δέος
620 1385 871 1455 ἐμπίπτει
909 1393 985 1458 τῷ
1027 1393 1266 1458 στρατῷ,
1313 1383 1405 1438 καὶ
1450 1388 1580 1448 τοὺς
1625 1387 1922 1454 πολεμίους

227 1473 522 1543 ἐπιχειρεῖν
564 1477 722 1543 σφίσι
762 1474 1020 1539 δόξαντες
1063 1472 1151 1527 ἐπὶ
1198 1475 1263 1527 τὰ
1312 1474 1454 1527 ὅπλα
1499 1474 1698 1536 πάντες
1737 1476 1920 1527 ἔθεον.

1945 1497 1987 1529 15

226 1562 409 1630 <294>
450 1563 657 1632 ταραχὴ
699 1560 762 1615 δὲ
800 1571 911 1616 τῶν
949 1563 1240 1632 ταγμάτων
1279 1560 1372 1615 καὶ
1410 1565 1659 1631 θόρυβος
1696 1558 1787 1631 ἦν,
1829 1560 1921 1615 καὶ
1962 1617 1971 1627 ,

223 1652 284 1703 τὸ
331 1652 551 1720 συμβὰν
592 1650 824 1715 οὐδενὸς
869 1653 1045 1705 εἰπεῖν
1085 1654 1307 1722 ἔχοντος
1355 1649 1442 1704 ἐπὶ
1488 1655 1749 1704 πλεῖστον
1789 1650 1922 1703 ἀπο-

225 1740 489 1809 ρούμενοι
529 1739 874 1810 διεφέροντο,
913 1742 1152 1809 μηδενός
1189 1759 1246 1793 τε
1278 1738 1623 1809 φαινομένου
1654 1741 1921 1807 πολεμίου

227 1823 301 1879 δι’
331 1827 586 1896 ἀλλήλων
627 1827 954 1898 ἐπτοοῦντο,
999 1828 1181 1899 <295>
1227 1827 1319 1882 καὶ
1365 1830 1427 1882 τὸ
1477 1829 1740 1896 σύνθημα
1787 1828 1921 1896 μετὰ

227 1917 473 1985 σπουδῆς
520 1916 746 1980 ἕκαστος
783 1919 882 1970 τὸν
920 1920 1158 1986 πλησίον
1199 1916 1451 1987 ἐπηρώτα
1497 1916 1749 1986 καθάπερ
1783 1914 1922 1970 Ἰου-

225 2005 400 2057 δαίων
448 2004 868 2075 ἐμβεβληκότων
915 2008 993 2069 είς
1046 2007 1112 2058 τὰ
1169 2006 1541 2076 στρατόπεδα,
1604 2012 1818 2077 πανικῷ
1863 2024 1921 2058 τε

225 2093 441 2162 δείματι
502 2095 902 2163 κυκλουμένοις
963 2092 1339 2166 παρεῴκεσαν,
1406 2094 1534 2164 ἄχρι
1597 2094 1798 2162 μαθὼν
1859 2095 1921 2147 τὸ

224 2182 442 2249 συμβὰν
499 2185 656 2245 Τίτος
712 2182 1061 2252 διαγγέλλειν
1116 2182 1369 2236 ἐκέλευσε
1421 2190 1557 2235 πᾶσι
1618 2180 1710 2235 καὶ
1765 2184 1924 2251 μόλις

224 2269 534 2324 ἐπαύσαντο
574 2279 672 2340 τῆς
709 2279 960 2342 ταραχῆς.

337 2359 519 2429 <296>
553 2357 860 2423 Ἰουδαίους
907 2381 968 2430 γε
1009 2362 1119 2430 μὴν
1158 2362 1297 2430 πρὸς
1334 2361 1400 2413 τὰ
1440 2361 1606 2413 λοιπὰ
1648 2369 1923 2430 καρτερῶς

221 2447 550 2518 ἀντέχοντας
597 2449 882 2502 ἐκάκωσαν
930 2451 989 2503 οἱ
1031 2450 1262 2519 πύργοι·
1309 2447 1399 2502 καὶ
1448 2449 1552 2516 γὰρ
1600 2458 1712 2501 τῶν
1759 2448 1923 2518 ὀργά-

219 2557 337 2590 νων
384 2547 500 2600 τοῐς
549 2536 909 2608 κουφοτέροις
958 2536 1053 2592 ἀπ’
1091 2537 1275 2591 αὐτῶν
1323 2537 1623 2606 ἐβάλλοντο
1671 2535 1762 2589 καὶ
1809 2546 1925 2599 τοῖς

221 2623 570 2689 ἀκοντισταῖς
607 2625 699 2679 καὶ
739 2626 986 2690 τοξόταις
1024 2625 1117 2680 καὶ
1156 2628 1495 2695 λιθοβόλοις.
1573 2626 1757 2694 <297>
1798 2626 1922 2678 οὔτε

224 2711 286 2766 δὲ
332 2716 547 2768 τούτων
595 2713 754 2768 αὐτοὶ
801 2716 894 2768 διὰ
940 2717 1001 2769 τὸ
1049 2716 1192 2780 ὕψος
1239 2714 1597 2785 ἐφικνοῦντο,
1654 2711 1747 2766 καὶ
1793 2715 1925 2776 τοὺς

222 2803 471 2873 πύργους
509 2800 580 2872 ἦν
620 2803 906 2874 ἀμήχανον
940 2802 1105 2873 ἑλεῖν,
1144 2801 1265 2873 μήτ’
1297 2803 1678 2872 ἀνατραπῆναι
1719 2802 1926 2872 ῥαδίως

224 2891 316 2943 διὰ
379 2894 440 2946 τὸ
502 2896 702 2963 βρῖθος
764 2890 891 2962 μήτ’
938 2892 1327 2963 ἐμπρησθῆναι
1383 2893 1476 2945 διὰ
1538 2893 1635 2945 τὸν
1691 2893 1924 2960 σίδηρον

1947 1922 2019 1973 2ο

1947 2372 2032 2414 25³

1948 2824 2013 2856 3o=
