2032 3128
699 122 907 164 ΑοΓοΣ
939 121 1257 164 ΔΕΥΤΕΡΟΣ
1706 117 1810 170 281

140 261 294 309 θεοῦ.
379 254 559 323 <238>
608 263 718 307 τῶν
764 251 826 308 δὲ
878 256 1198 323 κατηγόρων
1246 254 1337 306 διὰ
1383 260 1477 322 τῆς
1522 252 1817 321 ἀντιπαρα-

141 342 349 406 θέσεως
386 343 525 411 ἡμᾶς
564 340 804 412 ἐλέγχειν
836 340 1124 411 οἰομένων,
1165 342 1264 412 οὐχ
1305 335 1426 395 οἷόν
1457 361 1513 394 τε
1552 355 1817 394 κατασιω-

141 440 269 498 πᾶν,
308 432 486 492 ἄλλως
524 450 580 483 τε
619 429 710 483 καὶ
749 439 848 484 τοῦ
880 433 1050 498 λόγου
1083 429 1376 499 μέλλοντος
1409 430 1509 500 οὐχ
1539 428 1636 498 ὑφ’
1663 430 1818 499 ἡμῶν

143 519 577 588 ἐλεγχθήσεσθαι
615 528 725 572 τῶν
764 526 869 572 νῦν
909 517 1079 572 αὐτὸν
1119 517 1516 586 συντιθέντων,
1562 514 1682 571 ἀλλ’
1710 517 1818 570 ὑπὸ

98 631 118 661 5
141 610 361 661 πολλῶν
393 606 686 677 εἰρημένου
726 605 815 660 καὶ
855 609 980 660 λίαν
1012 606 1471 676 εὐδοκιμούντων.
1526 606 1709 675 <239>
1740 609 1820 668 τίς

143 696 245 764 γὰρ
293 705 403 748 τῶν
449 697 594 765 παρὰ
641 705 755 757 τοῖς
789 694 1054 764 “Ἐλλησιν
1095 694 1181 748 ἐπὶ
1230 697 1399 767 σοφίᾳ
1443 692 1820 763 τεθαυμασμέ-

144 805 257 837 νων
297 784 397 837 οὐκ
437 783 773 853 ἐπιτετίμηκε
813 781 902 837 καὶ
940 793 1184 852 ποιητῶν
1222 793 1337 846 τοῖς
1376 783 1822 851 ἐπιφανεστάτοις

142 872 231 925 καὶ
270 877 592 941 νομοθετῶν
630 881 744 934 τοῖς
790 873 1022 941 μάλιστα
1067 870 1539 940 πεπιστευμένοις,
1587 872 1670 924 ὅτι
1714 891 1821 923 τοι-

142 962 309 1022 αύτας
348 959 509 1023 δόξας
546 958 672 1028 περὶ
709 965 860 1012 θεῶν
900 959 954 1022 ἐξ
995 959 1163 1030 ἀρχῆς
1201 969 1314 1022 τοῖς
1351 961 1625 1027 πλήθεσιν
1666 958 1822 1027 ἐγκα-

77 1071 118 1101 10
141 1047 455 1116 τέσπειραν;
503 1048 682 1116 <240>
722 1047 942 1120 ἀριθμῷ
982 1044 1083 1117 μὲν
1120 1048 1357 1111 ὁπόσους
1396 1046 1465 1100 ἂν
1505 1045 1661 1101 αὐτοὶ
1702 1047 1824 1100 ε’θε-

141 1138 384 1204 λήσωσιν
413 1136 825 1205 ἀποφήνασθαι,
857 1136 910 1200 ἐξ
944 1136 1199 1205 ἀλλήλων
1228 1133 1288 1189 δὲ
1320 1135 1702 1204 γιγνομένους,
1734 1134 1825 1188 καὶ

141 1225 275 1277 κατὰ
329 1228 625 1287 παντοίους
678 1227 916 1293 τρόπους
974 1224 1270 1293 γενέσεων·
1332 1226 1564 1287 τούτους
1619 1222 1679 1277 δὲ
1734 1223 1824 1276 καὶ

143 1314 485 1382 διαιροῦντες
529 1316 717 1376 τόποις
762 1311 853 1366 καὶ
902 1315 1135 1375 διαίταις
1182 1314 1362 1383 ὥσπερ
1409 1322 1521 1366 τῶν
1571 1311 1720 1384 ζῴων
1760 1313 1824 1365 τὰ

142 1400 300 1470 γένη,
354 1404 483 1464 τοὺς
529 1398 630 1469 μὲν
675 1401 783 1455 ὑπὸ
842 1410 947 1470 γῆν
993 1404 1123 1464 τοὺς
1176 1399 1229 1454 δ’
1268 1401 1327 1454 ἐν
1373 1401 1644 1472 θαλάττῃ,
1698 1404 1827 1463 τοὺς

77 1512 118 1544 15
142 1489 331 1559 μέντοι
385 1490 793 1558 πρεσβυτάτους
839 1489 1022 1543 αὐτῶν
1070 1489 1130 1543 ἐν
1175 1490 1424 1563 ταρτάρῳ
1474 1489 1825 1559 δεδεμένους·

142 1578 324 1646 <241>
359 1578 509 1640 ὅσοις
542 1575 603 1630 δὲ
635 1580 732 1631 τὸν
758 1578 1000 1648 οὐρανὸν
1025 1577 1345 1646 ἀπένειμαν,
1375 1579 1592 1640 τούτοις
1622 1577 1826 1645 πατέρα

141 1664 243 1735 μὲν
289 1674 363 1739 τῷ
412 1669 558 1737 λόγῳ
605 1668 882 1735 τύραννον
922 1664 984 1719 δὲ
1031 1675 1145 1729 τοῖς
1193 1670 1373 1734 ἔργοις
1418 1666 1508 1720 καὶ
1556 1668 1828 1734 δεσπότην

142 1755 475 1824 ἐφιστάντες,
513 1753 605 1808 καὶ
646 1756 737 1807 διὰ
768 1762 932 1808 τοῦτο
965 1754 1370 1823 συνισταμένην
1402 1754 1703 1823 ἐπιβουλὴν
1736 1753 1820 1807 ἐπ’

142 1843 313 1897 αὐτὸν
345 1844 452 1897 ὑπὸ
485 1845 746 1910 γυναικὸς
783 1841 875 1896 καὶ
915 1843 1163 1912 ἀδελφοῦ
1202 1842 1292 1896 καὶ
1331 1847 1629 1912 θυγατρός,
1668 1844 1738 1912 ἣν
1770 1843 1830 1896 ἐκ

11 1935 13 1937 ’
77 1954 120 1984 20
143 1939 236 2000 τῆς
291 1930 490 1985 ἑαυτοῦ
543 1936 784 2000 κεφαλῆς
838 1930 1152 2000 ἐγέννησεν,
1190 1933 1299 1986 ἵνα
1346 1933 1414 2000 δὴ
1463 1935 1832 2001 συλλαβόντες

143 2020 312 2074 αὐτὸν
355 2019 740 2088 καθείρξωσιν,
789 2020 971 2090 ὥσπερ
1021 2020 1185 2083 αὐτὸς
1231 2020 1438 2083 ἐκεῖνος
1483 2022 1580 2073 τὸν
1626 2019 1831 2089 πατέρα

141 2111 238 2162 τὸν
280 2107 494 2162 ἑαυτοῦ.

254 2198 435 2266 <242>
473 2204 643 2249 ταῦτα
683 2198 908 2259 δικαίως
952 2195 1205 2265 μέμψεως
1242 2201 1449 2266 πολλῆς
1487 2196 1737 2262 ἀξιοῦσιν
1774 2199 1832 2250 οἰ

142 2287 411 2356 φρονήσει
452 2284 833 2356 διαφέροντες,
880 2283 971 2338 καὶ
1009 2288 1146 2355 πρὸς
1183 2287 1401 2349 τούτοις
1438 2292 1830 2355 καταγελῶσιν,

76 2396 117 2427 25
142 2376 194 2427 εἰ
230 2384 340 2428 τῶν
371 2380 524 2427 θεῶν
556 2377 686 2437 τοὺς
723 2371 824 2442 μὲν
856 2374 1139 2442 ἀγενείους
1168 2372 1259 2427 καὶ
1298 2375 1572 2443 μειράκια,
1612 2377 1740 2437 τοὺς
1771 2372 1832 2427 δὲ

141 2462 547 2533 πρεσβυτέρους
584 2460 676 2516 καὶ
715 2471 1044 2530 γενειῶντας
1075 2459 1218 2516 εἶναι
1250 2463 1352 2533 χρὴ
1387 2465 1590 2532 δοκεῖν,
1631 2465 1833 2526 ἄλλους

144 2549 205 2605 δὲ
244 2552 506 2621 τετάχθαι
543 2553 682 2621 πρὸς
719 2559 836 2613 ταῖς
874 2549 1114 2620 τέχναις,
1159 2552 1498 2620 χαλκεύοντά
1537 2572 1685 2619 τινα,
1731 2553 1833 2620 τὴν

55 2642 58 2644 *
144 2639 195 2694 δ’
228 2642 602 2710 ὑφαίνουσαν,
641 2642 739 2693 τὸν
772 2636 834 2692 δὲ
871 2643 1218 2709 πολεμοῦντα
1249 2639 1340 2693 καὶ
1372 2638 1489 2708 μετ’
1516 2640 1833 2711 ἀνθρώπων

133 2733 474 2800 μαχόμενον,
520 2731 650 2791 τοὺς
689 2725 749 2781 δὲ
789 2731 1178 2797 κιθαρίζοντας
1217 2729 1250 2797 ἢ
1290 2729 1474 2798 τοξικῇ
1514 2731 1832 2799 χαίροντας·

0 2821 15 2831 “
77 2838 120 2868 30
145 2818 326 2887 <243>
366 2814 466 2871 εἶτ’
499 2818 686 2879 αὐτοῖς
726 2815 1116 2886 ἐγγιγνομένας
1146 2819 1284 2887 πρὸς
1314 2816 1588 2885 ἀλλήλους
1620 2817 1835 2880 στάσεις

144 2906 236 2959 καὶ
281 2904 407 2976 περὶ
454 2906 771 2973 ἀνθρώπων
811 2907 1148 2973 φιλονικίας,
1198 2904 1355 2975 μέχρι
1393 2914 1493 2959 τοῦ
1536 2906 1610 2975 μὴ
1658 2908 1833 2974 μόνον

1860 2211 1915 2249 34
