2032 3128
730 83 941 128 ΛΟΓΟΣ
972 84 1173 124 ΕΚΤοΣ
1720 80 1791 132 99

115 237 265 285 ρειον
321 215 487 269 στοὰν
543 212 849 284 ἐνέπρησαν
903 213 1059 285 μέχρι
1112 222 1208 284 τῆς
1261 215 1586 283 ἀνατολικῆς
1639 214 1791 282 ὅλην,

19 364 22 366 ,
114 300 193 357 ὧν
243 305 276 373 ἡ
329 303 680 357 συνάπτουσα
734 307 909 371 γωνία
961 311 1056 372 τῆς
1106 305 1422 372 Κεδρῶνος*
1453 301 1795 370 καλουμένης

112 394 394 461 φάραγγος
443 392 880 462 ὑπερδεδόμητο,
929 390 1056 461 παρ’
1103 392 1131 445 ὃ
1182 390 1273 444 καὶ
1320 393 1563 461 φοβερὸν
1613 386 1685 459 ἦν
1731 391 1793 443 τὸ

111 481 302 549 βάθος.

67 590 87 622 5
222 567 401 635 <193>
441 566 531 620 καὶ
581 569 646 621 τὰ
696 566 797 638 μὲν
846 566 972 636 περὶ
1020 569 1081 620 τὸ
1135 568 1285 637 ἱερὸν
1336 566 1396 619 ἐν
1441 568 1657 630 τούτοις
1702 562 1792 635 ἦν,

110 665 220 708 τῶν
272 654 321 708 δ’
358 657 465 709 ὑπὸ
512 663 611 709 τοῦ
657 661 822 723 λιμοῦ
868 654 1259 725 φθειρομένων
1305 655 1440 708 κατὰ
1489 656 1591 723 τὴν
1629 658 1794 708 πόλιν

109 745 338 812 ἄπειρον
377 741 478 812 μὲν
518 746 703 797 ἔπιπτε
735 745 796 797 τὸ
828 748 1068 811 πλῆθος,
1108 743 1375 812 ἀδιήγητα
1408 739 1469 796 δὲ
1501 742 1793 812 συνέβαινε

108 832 173 884 τὰ
221 833 392 899 πάθη.
468 832 666 900 <194>
706 830 832 885 καθ’
893 830 1124 900 ἑκάστην
1171 832 1275 900 γὰρ
1327 833 1536 899 οἰκίαν,
1586 836 1642 883 εἴ
1683 849 1794 884 που

108 928 316 988 τροφῆς
353 923 702 989 παραφανείη
745 920 896 988 σκιά,
934 922 1170 988 πόλεμος
1207 915 1306 987 ἦν,
1346 918 1437 971 καὶ
1470 919 1562 972 διὰ
1593 928 1794 989 χειρῶν

41 1031 84 1063 10
109 1007 355 1077 ἐχώρουν
395 1009 452 1061 οἰ
486 1011 737 1077 φίλτατοι
777 1009 913 1078 πρὸς
959 1007 1257 1076 ἀλλήλους’,
1305 1006 1691 1077 ἐξαρπάζοντες
1727 1007 1793 1060 τὰ

105 1098 422 1165 ταλαίπωρα
466 1103 562 1164 τῆς
607 1105 784 1165 ψυχῆς
831 1095 1045 1164 ἐφόδια.
1124 1095 1305 1163 <195>
1345 1098 1525 1158 πίστις
1572 1093 1620 1148 δ’
1661 1094 1794 1149 ἀπο-

106 1185 227 1252 ριάς
265 1180 398 1236 οὐδὲ
442 1193 556 1247 τοῖς
594 1186 941 1252 θνήσκουσιν
987 1180 1084 1252 ἦν,
1131 1183 1269 1237 ἀλλὰ
1307 1181 1398 1236 καὶ
1436 1186 1566 1246 τοὺς
1596 1182 1794 1258 ’ἐκπνέ-

106 1290 266 1333 οντας
306 1272 365 1324 οἱ
399 1272 594 1343 λῃσταὶ
635 1274 967 1342 διηρεύνων,
1016 1274 1090 1341 μή
1137 1293 1217 1334 τις
1255 1272 1363 1325 ὑπὸ
1402 1274 1610 1325 κόλπον
1651 1274 1792 1342 ἔχων

103 1360 318 1429 τροφὴν
371 1362 663 1429 σκήπτοιτο
715 1363 812 1415 τὸν
861 1361 1110 1414 θάνατον
1162 1361 1325 1432 αὑτῷ.
1403 1361 1601 1429 <196>
1642 1363 1701 1414 οἳ
1735 1359 1784 1413 δ’

38 1473 79 1503 15
103 1445 196 1500 ὑπ’
245 1447 460 1512 ἐνδείας
497 1452 785 1518 κεχηνότες
824 1450 1005 1519 ὥσπερ
1054 1453 1354 1511 λυττῶντες
1390 1450 1553 1512 κύνες
1592 1449 1793 1518 ἐσφάλ-

103 1540 293 1603 λοντο,
338 1535 430 1589 καὶ
468 1541 914 1607 παρεφθείροντο
953 1548 1072 1600 ταῖς
1110 1557 1166 1590 τε
1210 1538 1414 1610 θύραις
1453 1536 1793 1607 ἐνσειόμενοι

102 1627 429 1693 μεθυόντων
483 1628 714 1696 τρόπον,
769 1624 860 1679 καὶ
906 1624 1000 1680 ὑπ’
1046 1625 1352 1695 ἀμηχανίας
1396 1627 1475 1689 εἰς
1521 1628 1649 1689 τοὺς
1697 1626 1794 1679 αὐ-

100 1715 232 1775 τοὺς
277 1718 463 1777 οἴκους
508 1715 875 1784 εἰσπηδῶντες
923 1706 1007 1778 δὶς
1045 1714 1078 1783 ἢ
1119 1713 1235 1783 τρὶς
1275 1715 1390 1786 ὥρᾳ
1436 1722 1546 1786 μιᾷ.
1611 1715 1792 1782 <197>

100 1801 278 1854 πάντα
333 1800 382 1854 δ’
431 1801 521 1856 ὑπ’
571 1803 803 1866 ὀδόντας
851 1801 986 1873 ἦγεν
1032 1804 1064 1871 ἡ
1114 1803 1354 1872 ἀνάγκη,
1404 1801 1496 1856 καὶ
1542 1804 1607 1856 τὰ
1654 1800 1793 1872 μηδὲ

10 1914 81 1945 «20
105 1899 220 1952 τοῖς
260 1890 672 1960 ῥυπαρωτάτοις
717 1902 828 1945 τῶν
875 1892 1094 1961 ἀλόγων
1137 1889 1290 1965 ζςόων
1328 1894 1620 1961 πρόσφορα
1661 1896 1792 1945 συλ-

91 1977 355 2046 λέγοντες
393 1979 608 2033 ἐσθίειν
646 1979 946 2051 ὑπέφερον.
1024 1983 1314 2050 ζωστήρων
1355 1989 1493 2048 γοῦν
1530 1978 1622 2033 καὶ
1657 1980 1793 2034 ὑπο-

100 2067 358 2135 δημάτων
396 2069 458 2121 τὸ
497 2073 814 2122 τελευταιον
849 2069 950 2122 οὐκ
984 2070 1292 2139 ἀπείχοντο,
1331 2067 1422 2121 ’καὶ
1453 2069 1519 2121 τὰ
1552 2067 1794 2138 δέρματα

97 2164 210 2208 τῶν
248 2161 472 2225 θυρεῶν
513 2155 876 2227 ἀποδέροντες
917 2157 1213 2227 ἐμασῶντο.
1292 2157 1474 2226 <198>
1513 2158 1693 2226 τροφὴ
1735 2155 1782 2208 δ’

97 2239 169 2312 ἧν
207 2242 298 2296 καὶ
329 2247 531 2314 χόρτου
569 2243 679 2297 τισὶ
711 2250 951 2299 παλαιοῦ
984 2245 1364 2315 σπαράγματα·
1405 2246 1501 2308 τὰς
1531 2247 1637 2315 γὰρ
1673 2241 1794 2307 ἶνας

32 2354 74 2386 25
99 2334 238 2385 ἔνιοι
263 2331 623 2401 συλλέγοντες
648 2332 937 2403 ἐλάχιστον
971 2335 1222 2402 σταθμὸν
1255 2333 1506 2386 ἐπώλουν
1530 2331 1792 2386 Ἀττικῶν

97 2421 384 2491 τεττάρων.
424 2421 606 2490 (199)
639 2420 730 2474 καὶ
761 2425 820 2475 τί
854 2423 942 2475 δεῖ
969 2423 1071 2491 τὴν
1110 2420 1191 2474 ἐπ’
1232 2421 1465 2491 ἀψύχοις
1504 2420 1792 2474 ἀναίδειαν

97 2516 197 2562 τοῦ
228 2513 394 2578 λιμοῦ
425 2508 631 2577 λέγειν;
674 2507 786 2579 εἶμι
817 2511 921 2579 γὰρ
955 2509 1127 2564 αὐτοῦ
1160 2511 1428 2579 δηλώσων
1465 2511 1630 2578 ἔργον
1669 2502 1792 2562 οἷον

96 2599 229 2666 μήτε
283 2595 409 2667 παρ’
453 2595 684 2667 ’Ἑλλησι
746 2600 878 2667 μήτε
933 2599 1079 2668 παρὰ
1134 2598 1438 2669 βαρβάροις
1494 2599 1793 2668 ἱστόρηται,

95 2686 329 2754 φρικτὸν
379 2683 482 2755 μὲν
531 2688 706 2739 εἰπεῖν
756 2687 990 2748 ἄπιστον
1042 2684 1092 2740 δ’
1143 2685 1389 2740 ἀκοῦσαι.
1468 2685 1652 2755 <2ΟΟ>
1699 2683 1792 2739 καὶ

27 2796 71 2828 30
97 2764 203 2841 ἐγὼ
245 2771 332 2842 δέ,
378 2775 452 2843 μὴ
501 2773 719 2844 δόξαιμι
766 2776 1160 2844 τερατεύεσθαι
1206 2785 1322 2838 τοῖς
1361 2770 1528 2838 αὗθις
1567 2773 1790 2843 ἀνθρώ-

94 2880 243 2930 ποις,
282 2861 386 2916 κᾶν
425 2862 730 2933 παρέλιπον
769 2864 871 2932 τὴν
912 2858 1208 2935 συμφορὰν
1247 2861 1439 2932 ἡδέως,
1479 2864 1530 2916 εἰ
1566 2863 1640 2932 μὴ
1679 2871 1795 2926 τῶν

1436 2949 1492 2992 7*
