2032 3128
211 95 320 148 304
767 101 867 141 ΕΙΣ
899 100 1335 143 ΜΑΚΚΑΒΑΙΟΤΣ

209 239 506 300 τοιγαροῦν
551 232 710 294 ἵλεως
762 242 929 300 γενοῦ
975 242 1049 304 τςό
1105 236 1260 287 ἔθνει
1306 248 1435 302 σου,
1490 234 1780 303 ἀρκεσθεὶς
1823 243 1886 306 τῇ

210 318 441 390 ἡμετέρᾳ
485 316 624 389 ὑπὲρ
664 320 847 374 αὐτῶν
887 323 1036 392 δίκῃ·
1083 323 1394 391 καθάρσιον
1432 322 1616 376 αὐτῶν
1652 326 1888 393 ποίησον

209 408 270 460 τὸ
311 407 443 476 ε’μὸν
482 401 640 476 αἷμα,
687 407 778 462 καὶ
825 408 947 463 ἀντὶ
985 419 1179 480 ψυχῶν
1219 411 1404 469 αὐτῶν
1443 408 1576 480 λαβὲ
1613 413 1715 480 τὴν
1753 411 1889 480 ἐμὴν

207 496 426 565 ψυχήν.’
489 496 633 565 <79>
670 496 762 550 καὶ
799 506 969 551 ταῦτα
1008 499 1178 551 εἰπὼν
1219 499 1247 553 ὁ
1289 500 1434 569 ἱερὸς
1471 499 1612 568 ἀνὴρ
1651 499 1891 568 εὐγενῶς

208 593 326 647 ταῖς
363 585 626 652 βασάνοις
667 585 987 654 ἐναπέθανε,
1029 584 1119 640 καὶ
1157 585 1315 657 μέχρι
1352 596 1463 640 τῶν
1502 595 1600 641 τοῦ
1639 589 1890 642 θανάτου
1937 610 1956 643 5

209 673 471 741 βασάνων
511 673 739 743 ἀντέστη
779 682 853 746 τῷ
894 675 1137 746 ’λογισμῷ
1177 667 1269 728 δίά
1307 677 1405 729 τὸν
1443 678 1632 745 νόμον.

318 762 462 830 <80>
523 762 980 832 ὁμολογουμένως
1040 759 1144 817 οὖν
1200 766 1464 833 δεσπότης
1523 773 1633 818 τῶν
1692 770 1891 818 παθῶν

208 848 357 903 ἐστιν
397 851 425 904 ὁ
473 851 703 920 εὐσεβὴς
748 854 1022 920 λογισμός.
1097 853 1149 905 εἰ
1192 853 1297 923 γὰρ
1344 853 1408 906 τὰ
1454 852 1607 921 πάθη
1655 861 1754 906 τοῦ
1801 857 1891 906 λο-

207 947 408 1007 γισμοῦ
449 939 811 1009 ἐκεκρατήκει,
849 941 1066 1003 τούτοις
1104 940 1174 994 ἂν
1206 939 1479 1009 ἀπέδομεν
1510 941 1611 1008 τὴν
1643 948 1738 1010 τῆς
1778 940 1891 994 ἐπι-

206 1030 457 1093 κρατείας
503 1032 834 1097 μαρτυρίαν·
885 1027 1014 1082 νυνὶ
1050 1026 1124 1106 ’δὲ
1170 1037 1270 1083 τοῦ
1310 1034 1578 1098 λογισμοῦ
1625 1031 1691 1083 τὰ
1736 1031 1888 1098 πάθη
1917 1053 1958 1085 10

207 1118 556 1185 νικήσαντος,
622 1117 769 1187 αὐτῷ
831 1121 1220 1187 προσηκόντως
1279 1120 1379 1186 τὴν
1439 1125 1535 1186 τῆς
1594 1118 1892 1187 ἡγεμονίας

205 1203 587 1273 προσνέμομεν
637 1204 907 1268 ἐξουσίαν.
984 1206 1130 1274 <81>
1175 1205 1267 1260 καὶ
1315 1208 1533 1260 δίκαιόν
1573 1205 1723 1259 ἐστιν
1762 1206 1892 1275 ὁμο-

207 1296 393 1360 λογεῖν
431 1292 572 1360 ἡμᾶς
616 1294 676 1346 τὸ
723 1294 921 1363 κράτος
966 1291 1109 1347 εἶναι
1154 1301 1255 1347 τοῦ
1302 1299 1598 1362 λογισμοῦ,
1643 1294 1783 1347 ὅπου
1830 1313 1891 1361 γε

206 1379 295 1432 καὶ
327 1391 437 1433 τῶν
467 1381 675 1444 ἔξωθεν
699 1381 1027 1450 ἀλγηδόνων
1052 1381 1352 1452 ἐπικρατεῖ·
1387 1380 1502 1435 ἐπεὶ
1533 1379 1624 1434 καὶ
1656 1386 1890 1450 γελοῖον.

205 1470 348 1537 <82>
387 1467 478 1522 καὶ
511 1468 579 1523 οὐ
610 1472 785 1539 μόνον
816 1479 926 1523 τῶν
959 1470 1285 1539 ἀλγηδόνων
1317 1469 1660 1539 ἐπιδείκνυμι
1701 1489 1891 1539 κεκρα-
1916 1493 1959 1526 15

205 1556 424 1625 τηκέναι
470 1558 568 1611 τὸν
607 1562 893 1628 λογισμόν,
939 1558 1077 1612 ἀλλά
1122 1558 1215 1612 καὶ
1261 1568 1371 1612 τῶν
1408 1558 1631 1627 ’ἡδονῶν
1669 1567 1891 1627 κρατεῖν

204 1644 294 1698 καὶ
333 1643 471 1715 μηδὲ
510 1646 701 1710 αὐταῖς
739 1647 1001 1700 ὑπείκειν.

317 1735 462 1803 <83>
494 1736 675 1805 ὥσπερ
708 1737 812 1804 γὰρ
845 1737 1068 1804 ἄριστος
1104 1738 1457 1805 κυβερνήτης,
1499 1736 1527 1790 ὁ
1559 1743 1659 1789 τοῦ
1690 1737 1893 1804 πατρὸς

204 1823 360 1892 ἡμῶν
394 1821 716 1893 Ἐλεαζάρου
757 1826 1017 1893 λογισμὸς
1053 1826 1443 1894 πηδαλιουχῶν
1475 1825 1576 1890 τὴν
1607 1831 1704 1891 τῆς
1741 1824 1893 1877 εὐσε-

205 1914 356 1978 βείας
393 1921 537 1965 ναῦν
577 1912 636 1965 ἐν
675 1921 749 1984 τῷ
791 1923 900 1966 τῶν
939 1918 1139 1966 παθῶν
1178 1913 1420 1981 πελάγει,
1459 1910 1550 1965 καὶ
1588 1914 1891 1980 καταιγιζό-
1917 1935 1959 1968 20

206 2019 368 2067 μενος
406 2010 524 2062 ταῖς
560 2008 660 2054 τοῦ
692 2002 971 2069 τυράννου
1005 2001 1253 2064 ἀπειλαῖς
1290 1999 1382 2054 καὶ
1419 2001 1893 2069 καταντλούμενος

205 2097 323 2151 ταῖς
381 2098 492 2141 τῶν
547 2090 806 2159 βασάνων
859 2092 1195 2159 τρικυμίαις,
1255 2087 1372 2143 κατ’
1422 2087 1626 2143 οὐδένα
1687 2091 1893 2157 τρόπον

206 2175 529 2247 μετέστρεφε
569 2181 698 2241 τοὺς
735 2186 829 2246 τῆς
868 2179 1147 2247 εὐσεβείας
1185 2183 1399 2246 οἴακας,
1447 2176 1551 2240 ἕως
1590 2173 1658 2230 οὗ
1701 2178 1893 2230 ε”πλευ-

207 2280 302 2318 σεν
349 2264 436 2319 ἐπὶ
482 2267 579 2319 τὸν
626 2275 720 2335 τῆς
773 2266 1059 2321 ἀθανάτου
1110 2270 1266 2335 νίκης
1311 2265 1522 2335 λιμένα.
1597 2265 1743 2333 <84>
1792 2266 1891 2335 οὐχ

207 2355 350 2408 οὕτω
382 2358 540 2418 πόλις
568 2360 797 2420 πολλοῖς
827 2355 918 2410 καὶ
949 2359 1219 2419 ποικίλοις
1249 2358 1634 2425 μηχανήμασιν
1668 2353 1892 2423 ἀντέσχε
1917 2375 1959 2408 25

205 2441 336 2496 ποτὲ
373 2443 836 2514 πολιορκουμένη,
875 2446 948 2508 ὡς
988 2445 1018 2499 ὁ
1055 2444 1325 2513 πανάγιος
1364 2443 1571 2505 ἐκεῖνος
1604 2443 1706 2511 τὴν
1740 2443 1893 2510 ἱερὰν

205 2532 390 2601 ψυχὴν
429 2533 702 2601 αἰκισμοῖς
739 2552 795 2585 τε
835 2531 927 2585 καὶ
965 2531 1252 2601 στρέβλαις
1293 2531 1747 2599 πυρπολούμενος
1787 2529 1894 2583 ἐνί-

205 2634 337 2688 κησε
383 2623 514 2684 τοὺς
558 2626 995 2691 πολιορκοῦντας
1042 2622 1135 2674 διὰ
1180 2621 1278 2674 τὸν
1319 2620 1754 2689 ὑπερασπίζοντα
1801 2627 1894 2687 τῆς

207 2709 486 2778 εὐσεβείας
548 2712 840 2778 λογισμόν·
911 2708 1054 2778 <85>
1115 2709 1296 2777 ὥσπερ
1366 2708 1471 2777 γὰρ
1537 2710 1894 2777 πρόκρημνον

207 2798 381 2864 ἄκραν
419 2799 520 2866 τὴν
558 2797 758 2852 ἑαυτοῦ
797 2798 1051 2851 διάνοιαν
1092 2797 1121 2851 ὁ
1160 2797 1337 2866 πατὴρ
1370 2794 1688 2865 Ἐλεάζαρος
1728 2795 1893 2849 ε’κτεί-
1916 2817 1960 2848 3ο

207 2905 307 2948 νας
351 2885 671 2956 περιέκλασε
715 2889 844 2949 τοὺς
883 2884 1342 2955 ἐπιμαινομένους
1378 2895 1489 2938 τῶν
1528 2890 1728 2938 παθῶν
1765 2884 1894 2936 κλύ-
