2032 3128
179 93 318 149 238.
795 100 954 140 ΚΑΤΑ
985 99 1262 142 ΑΠΙῼΝΟΣ

193 234 415 298 ψωροὺς
452 229 543 284 καὶ
581 232 719 284 ἄλλα
758 232 1040 300 νοσήματά
1078 252 1201 284 τινα
1241 235 1488 302 ἔχοντας,
1536 234 1612 294 εἰς
1649 234 1728 285 τὰ
1755 219 1899 302 ἱερὰ·

191 321 607 388 καταφυγόντας
667 328 938 388 μεταιτεῖν
990 322 1228 389 τροφήν,
1289 323 1627 389 παμπόλλων
1682 319 1735 373 δ’
1778 321 1872 374 ἀν-

190 409 436 476 θρώπων
481 409 741 478 νοσηλείᾳ
786 410 1195 477 περιπεσόντων
1243 407 1515 477 ἀκαρπίαν
1563 409 1623 461 ἐν
1669 416 1732 478 τῇ
1772 410 1872 461 Λί-

188 497 375 569 γύπτῳ
445 494 721 563 γενέσθαι.
829 495 1026 563 <306>
1098 499 1373 566 Βόκχοριν
1435 495 1527 564 δέ,
1602 499 1701 551 τὸν
1761 507 1873 550 τῶν

186 586 510 652 Αἰγυπτίων
564 583 817 652 βασιλέα,
876 588 953 647 εἰς
998 582 1288 653 ’Ἄμμωνος
1339 583 1546 654 πέμψαι
1601 584 1726 655 περὶ
1779 593 1873 654 τῆς
1918 606 1943 638 5

185 672 453 741 ἀκαρπίας
506 675 634 734 τοὺς
687 672 1187 742 μαντευσομένους·
1250 676 1348 726 τὸν
1399 675 1538 726 θεὸν
1593 672 1647 726 δ’
1698 676 1872 727 εἰπεῖν

186 762 251 814 τὰ
293 762 411 831 ἱερὰ
456 766 698 830 καθῆραι
745 760 831 813 ἀπ’
881 762 1196 830 ἀνθρώπων
1235 762 1493 830 ἀνάγνων
1538 761 1629 814 καὶ
1678 763 1872 815 δυσσε-

184 852 319 917 βῶν,
363 849 665 918 ἐκβαλόντα
695 850 903 912 ἀὐτοὺς
941 850 1001 903 ἐκ
1038 860 1150 903 τῶν
1191 850 1356 919 ἱερῶν
1395 852 1472 913 εἰς
1509 853 1711 913 τόπους
1751 850 1873 920 ἐρή-

185 958 349 1006 μους,
402 940 531 1001 τοὺς
577 935 637 991 δὲ
682 941 906 1007 ψωροὺς
953 937 1045 991 καὶ
1093 941 1327 1008 λεπροὺς
1366 942 1606 1007 ’βυθίσαι
1655 939 1729 1002 ὡς
1772 946 1873 992 τοῦ

183 1026 345 1094 ἡλίου
383 1025 824 1094 ἀγανακτοῦντος
862 1025 952 1080 ἐπὶ
991 1034 1055 1096 τῇ
1095 1028 1307 1080 τούτων
1349 1030 1481 1096 ζωῇ,
1518 1026 1610 1080 καὶ
1647 1028 1713 1080 τὰ
1754 1028 1870 1096 ἱερὰ
1897 1048 1939 1079 ιο

183 1113 422 1183 ἁγνίσαι,
461 1113 551 1167 καὶ
584 1115 729 1169 οὕτω
766 1117 867 1184 τὴν
899 1123 1004 1183 γῆν
1035 1117 1499 1184 καρποφορήσειν.
1563 1115 1744 1183 (307)
1775 1117 1871 1169 τὸν

185 1200 248 1255 δὲ
294 1205 567 1273 Βόκχοριν
615 1206 743 1266 τοὺς
786 1206 1066 1273 χρησμοὺς
1112 1207 1379 1273 λαβόντα,
1433 1206 1561 1267 τούς
1606 1224 1663 1257 τε
1712 1205 1873 1274 ἱερεῖς

182 1289 273 1344 καὶ
325 1291 654 1360 ἐπιβωμίτας
706 1293 1252 1362 προσκαλεσάμενον,
1305 1298 1560 1346 κελεῦσαι
1610 1292 1872 1361 ἐπιλογὴν

181 1379 589 1449 ποιησαμένους
638 1389 748 1433 τῶν
797 1380 1129 1451 ἀκαθάρτων
1183 1391 1298 1443 τοῖς
1348 1382 1700 1447 στρατιώταις
1748 1370 1914 1434 τού-Ἴ

183 1488 310 1530 τους
339 1469 688 1538 παραδοῦναι
718 1468 972 1533 κατάξειν
1003 1469 1206 1532 αὐτοὺς
1238 1471 1316 1533 είς
1349 1472 1450 1538 τὴν
1482 1472 1707 1538 ἔρημον,
1744 1471 1873 1532 τοὺς
1896 1489 1939 1521 15
2011 1518 2013 1521 .

183 1554 242 1609 δὲ
294 1559 529 1627 λεπροὺς
577 1559 656 1620 εἰς
705 1559 1069 1627 μολιβδίνους
1116 1559 1317 1629 χάρτας
1361 1558 1727 1627 ἐνδήσαντας,
1779 1559 1872 1610 ἵνα

181 1651 432 1698 καθῶσιν
470 1647 549 1708 είς
585 1648 646 1699 τὸ
685 1643 936 1714 πέλαγος.
1005 1647 1188 1716 <308>
1226 1646 1620 1716 βυθισθέντων
1660 1644 1722 1700 δὲ
1760 1655 1871 1699 τῶν

181 1738 397 1801 λεπρῶν
442 1733 531 1787 καὶ
571 1742 778 1802 ψωρῶν
816 1736 946 1797 τοὺς
992 1736 1195 1798 ἄλλους
1242 1732 1758 1804 συναθροισθέντας
1795 1736 1872 1797 εἰς

180 1825 379 1885 τόπους
425 1823 662 1893 ἐρήμους
708 1823 1002 1892 ἐκτεθῆναι
1050 1822 1131 1877 ἐπ’
1179 1823 1442 1896 ἀπωλείᾳ·
1495 1821 1873 1893 συναχθέντας

180 1908 240 1963 δὲ
279 1913 693 1979 βουλεύσασθαι
738 1910 863 1980 περὶ
903 1912 1104 1979 αὑτῶν,
1151 1915 1351 1976 νυκτὸς
1390 1908 1443 1966 δ’
1483 1911 1872 1981 ἐπιγενομένης
1896 1932 1938 1964 20

178 2007 288 2068 πῦρ
335 1999 427 2053 καὶ
474 2001 712 2071 λύχνους
757 2002 1067 2064 καύσαντας
1112 2002 1412 2070 φυλάττειν
1460 1999 1716 2069 ἑαυτούς,
1768 2001 1869 2067 τήν

179 2087 225 2141 τ’
256 2088 522 2142 ἐπιοῦσαν
554 2090 726 2142 νύκτα
756 2091 1161 2158 νηστεύσαντας
1193 2089 1517 2142 ἱλάσκεσθαι
1548 2092 1677 2152 τοὺς
1702 2091 1871 2151 θεοὺς

177 2176 301 2246 περὶ
340 2185 440 2231 τοῦ
488 2187 661 2230 σῶσαι
707 2178 921 2241 αὐτούς.
998 2178 1182 2246 <309>
1229 2185 1293 2248 τῇ
1334 2177 1387 2231 δ’
1427 2177 1656 2249 ἐπιούσῃ
1695 2175 1870 2248 ἡμέρᾳ

177 2270 434 2333 Μωυσῆν
480 2285 605 2318 τινα
653 2270 1064 2336 συμβουλεῦσαι
1113 2266 1300 2329 αὐτοῖς
1345 2264 1869 2336 παραβαλλομένους

178 2356 310 2422 μίαν
342 2355 477 2408 ὁδὸν
508 2353 746 2423 τέμνειν,
786 2356 911 2424 ἄχρι
944 2354 1014 2409 ἂν
1046 2357 1290 2408 ἔλθωσιν
1329 2357 1408 2418 εἰς
1446 2357 1648 2418 τόπους
1686 2356 1866 2409 οίκου-
1891 2375 1933 2406 25

177 2442 404 2511 μένους,
456 2444 982 2511 παρακελεύσασθαί
1030 2442 1081 2496 τ’
1133 2444 1320 2507 αὐτοῖς
1369 2442 1493 2513 μήτ’
1549 2443 1867 2512 ἀνθρώπων

177 2529 288 2583 τινὶ
343 2531 633 2600 εὐνοήσειν
688 2529 819 2600 μηδ’
867 2534 1062 2602 ἄριστα
1118 2534 1556 2602 συμβουλεύσειν
1611 2531 1748 2585 ἀλλὰ
1801 2533 1867 2584 τὰ

176 2623 425 2689 χείρονα,
479 2625 632 2673 θεῶν
685 2617 746 2673 δὲ
800 2623 970 2684 ναοὺς
1020 2620 1112 2674 καὶ
1161 2623 1407 2691 βωμούς,
1462 2614 1545 2683 οἷς
1594 2621 1663 2674 ἂν
1717 2639 1867 2691 περι-

177 2709 436 2776 τύχωσιν,
486 2707 829 2778 ἀνατρέπειν.
914 2710 1098 2779 <310>
1144 2710 1592 2763 συναινεσάντων
1649 2706 1709 2762 δὲ
1755 2718 1866 2762 τῶν

176 2798 378 2865 ἄλλων,
431 2798 497 2849 τὰ
553 2797 828 2867 δοχθέντα
876 2808 1174 2861 ποιοῦντας
1226 2799 1317 2850 διὰ
1370 2806 1465 2867 τῆς
1512 2798 1719 2868 ἐρήμου
1769 2815 1865 2850 πο·
1888 2819 1934 2850 30

177 2887 463 2955 ρεύεσθαι,
505 2886 704 2949 ἱκανῶς
743 2884 794 2939 δ’
829 2886 1166 2956 ὀχληθέντας
1201 2886 1390 2940 ἐλθεῖν
1429 2892 1507 2949 εἰς
1544 2887 1645 2954 τὴν
1685 2887 1866 2939 οἰκου-
