2032 3128
189 114 226 159 L
327 115 332 120 ’
710 109 1064 155 ADNOTATIO
1098 110 1347 156 CRITICA.

308 245 374 289 VI
396 250 421 299 ξ
446 248 501 288 66
535 243 600 295 εἰς
623 244 895 301 μαρτύριον·
929 244 1183 301 μαρτύριον
1205 243 1396 301 Jacoby.
1423 271 1478 277 —
1503 250 1527 300 ξ
1552 249 1637 290 306
1662 244 1872 291 ἅπαντα·

190 318 346 364 πάντα
369 318 560 374 Jacoby.
595 344 652 350 —-
683 322 709 371 ξ
732 322 820 361 317
850 317 1119 377 λαμβάνων·
1152 317 1472 376 λαμβάνοντος
1493 318 1630 364 Enth.
1657 346 1714 352 —-
1738 324 1763 374 ξ
1787 324 1873 363 349

189 391 429 448 προσήκει·
469 397 702 448 προσῆκεν
738 391 930 448 Jacoby.
992 392 1112 436 Item
1141 391 1228 436 VII
1267 397 1291 446 ξ
1323 396 1422 436 373.
1463 419 1519 424 ——
1558 397 1583 447 ξ
1615 397 1701 436 370
1739 393 1871 446 πρὶν·

189 467 303 522 πρὶν
333 464 363 520 ἥ
393 465 585 522 Jacoby.

309 539 395 583 VH
425 544 450 593 ξ
481 543 537 582 37
570 536 675 582 ὅσα·
707 536 831 583 πόσα
860 539 1051 596 Jacoby.
1085 565 1141 570 —

308 612 416 656 VIII
446 618 471 667 ξ
503 617 559 656 23
590 612 672 657 τὸν
702 610 835 657 λαόν·
868 617 932 672 τῷ
962 615 1056 672 λαῷ
1088 612 1226 658 Enth.
1260 639 1316 646 —
1348 618 1373 668 ξ
1399 617 1452 657 75
1486 611 1530 657 ὅ·
1564 609 1620 658 οὗ
1651 612 1790 657 Enth.
1816 640 1874 646 —

191 692 215 741 ξ
248 691 332 730 302
364 687 472 743 περὶ
503 693 657 730 τοῦτο·
691 692 826 731 τοῦτο
859 686 1022 731 Krebs.

307 760 372 803 IX
403 765 427 815 ξ
452 764 538 804 284
571 759 627 804 cf.
652 760 892 816 JeremjaS‚
926 760 1075 817 Tyrus
1106 760 1179 804 bis
1213 775 1292 804 zur
1322 760 1425 805 Zeit
1446 760 1623 806 Nebuc.
1649 776 1694 818 p.
1721 766 1790 805 29.
1817 788 1874 793 —

189 841 214 890 ς
247 838 331 878 285
367 832 997 885 ὀκτακοσίους··ὀκτακοσίας
1027 833 1317 879 Gutschmid.
1350 861 1407 867 —

307 908 350 951 X
380 914 405 962 ξ
429 912 483 952 51
517 910 883 953 κατακολουθῶν
915 906 1033 952 οὕτω
1066 935 1122 940 ——
1153 915 1235 965 τῆς
1263 906 1496 959 πολιτείας
1526 935 1583 941 -
1615 909 1797 954 εὐοδεῖν
1826 923 1876 952 τε

189 1009 247 1015 —
270 982 447 1026 τούτων
478 1009 534 1014 -
566 981 628 1038 μὴ
658 981 907 1039 τυγχάνειν
938 980 1036 1025 ἀλλ’
1074 979 1410 1039 ἐξηφανίσθαι·
1444 985 1876 1027 κατακολουθοῦντι

189 1057 315 1116 αὐτῷ
347 1084 403 1088 -
434 1062 515 1113 τῆς
544 1071 594 1100 τε
623 1053 859 1106 πολιτείας
890 1083 944 1087 -
977 1056 1160 1101 εὐοδεῖν
1191 1083 1247 1088 -
1278 1058 1479 1101 πολιτῶν
1510 1083 1567 1089 —-
1598 1056 1659 1113 μὴ
1691 1057 1877 1102 ἀνεῖναι

189 1128 288 1174 ἀλλ’
325 1128 607 1187 ἐξαφανίσαι
637 1129 775 1174 Enth.
810 1157 866 1162 —

307 1203 626 1249 Col-rectiones
665 1217 786 1260 quae
819 1203 881 1247 ad
913 1203 1111 1248 alteram
1143 1204 1368 1248 decadem
1398 1203 1638 1261 pertinent
1666 1205 1877 1249 Herwer-

190 1277 299 1322 deni
332 1280 441 1322 sunt
472 1279 521 1322 et
549 1277 771 1335 leguntur
801 1276 851 1320 in
883 1277 1056 1322 Mnem.
1091 1281 1205 1322 1893
1237 1293 1281 1334 p.
1309 1282 1394 1321 225
1421 1293 1519 1334 sqq.

307 1351 372 1395 XI
402 1357 427 1406 ἓ
459 1356 515 1395 68
546 1350 605 1395 τὰ
634 1358 727 1396 τῶν
756 1358 985 1407 πατριῶν·
1017 1350 1077 1395 τὰ
1107 1358 1199 1396 τῶν
1231 1350 1282 1395 ἐκ
1311 1359 1403 1396 τῶν
1433 1359 1654 1408 πατριῶν.
1687 1380 1744 1385 -

307 1425 394 1469 XII
425 1431 450 1480 ἓ
483 1429 567 1469 128
600 1432 717 1482 γοῦν
747 1425 821 1469 vel
851 1431 940 1470 νῦν
971 1424 1062 1469 del.
1095 1452 1152 1457 -—
1185 1430 1210 1479 ξ
1239 1430 1328 1469 422
1360 1422 1518 1483 χίλιοι·
1551 1424 1803 1484 τρισχίλιοι.

307 1500 414 1543 ΧΠῙ
444 1505 470 1554 ἓ
501 1504 558 1544 88
591 1497 662 1543 ὅτι
694 1499 754 1556 μὴ
787 1526 843 1531 -
876 1501 1056 1557 βασιλεῖ
1085 1499 1174 1543 del.
1208 1527 1265 1532 —
1297 1505 1322 1554 ξ
1347 1504 1432 1544 208
1466 1499 1547 1544 διὰ
1576 1507 1658 1558 τῆς
1687 1499 1877 1553 νυκτός·

187 1580 269 1630 τῆς
314 1571 492 1624 νυκτός.
542 1600 598 1605 —-
646 1578 670 1627 ξ
710 1577 797 1617 300
841 1571 1185 1632 πρεσβυτέρων·
1233 1573 1574 1632 πρεσβυτάτων.
1623 1601 1679 1607 -
1726 1581 1751 1630 ξ
1791 1580 1878 1619 346

188 1646 538 1705 σαρκοφάγους·
573 1646 988 1705 ἀνθρωποφάγους
1011 1654 1031 1692 ‘1’
1063 1675 1120 1679 —
1153 1652 1178 1701 ἓ
1209 1651 1295 1691 429
1327 1645 1678 1699 ὑπολείποντος·
1712 1646 1879 1693 ἐπιλεί-

187 1736 371 1772 ποντος.
404 1749 460 1753 -

307 1795 413 1839 XIV
444 1800 469 1850 ξ
502 1799 555 1839 15
588 1794 747 1852 placet
776 1795 904 1851 quod
933 1794 1014 1839 Ns.
1050 1794 1202 1840 dedit:
1234 1793 1486 1852 συμφέρειν
1515 1790 1575 1852 ἧν
1607 1795 1684 1840 ἐπὶ
1713 1801 1789 1856 τῷ.
1822 1823 1879 1829 —-

189 1875 213 1924 ξ
241 1874 295 1913 16
328 1870 502 1928 βαλών·
543 1870 698 1928 λαβών
730 1868 827 1926 (vit.
861 1869 1077 1926 typoth.).
1110 1896 1167 1902 —
1200 1874 1225 1923 ἓ
1257 1874 1343 1914 300
1373 1871 1688 1927 θυγατριδῆν·
1729 1871 1878 1928 suppl.

190 1941 498 2001 Μαριάμμην.
530 1971 587 1976 -
619 1949 645 1998 ξ
676 1947 762 1987 315
795 1941 881 2000 ἀφ’
919 1944 1067 2000 ὐμῶν·
1100 1941 1187 2000 ἀφ’
1223 1943 1366 2000 ἡμῶν.

310 2017 396 2061 XV
439 2023 464 2072 ξ
503 2022 529 2061 8
577 2018 810 2073 οὐδαμῶς·
862 2017 1012 2074 suppl.
1061 2016 1219 2068 ἄλλως.
1267 2044 1324 2050 -
1371 2022 1397 2072 ἓ
1437 2022 1497 2062 44
1542 2018 1879 2075 ἀνηξιοπάθει·

188 2089 507 2147 ἠναξιοπάθει
555 2085 659 2147 (vit.
699 2090 915 2147 typoth.).
957 2118 1013 2123 —
1053 2095 1078 2145 ἓ
1117 2095 1175 2135 54
1221 2090 1553 2148 τυγχάνοντος·
1602 2091 1766 2149 supple
1814 2090 1876 2137 ἵν’

189 2158 323 2220 ἦσαν.
356 2191 412 2196 —
445 2169 470 2218 ἓ
495 2167 551 2207 54
583 2163 822 2215 ἀλύοντες·
858 2162 1165 2216 ἀλεαίνοντες.
1190 2191 1247 2197 -—
1272 2171 1297 2219 ξ
1321 2170 1379 2209 54
1410 2163 1670 2223 ἀνέψυχον·
1703 2165 1882 2224 ἀνεψύ-

190 2253 341 2295 χοντο.
376 2265 432 2269 —
464 2243 488 2292 ξ
513 2242 571 2281 54
604 2237 782 2293 ἑώρων·
817 2238 1048 2294 ἐθεώρων.
1073 2266 1132 2271 —-
1155 2244 1181 2293 ξ
1205 2243 1291 2283 315
1324 2239 1405 2283 διά
1429 2265 1489 2272 —
1513 2238 1766 2298 βασιλείας·
1801 2240 1883 2284 διὰ

189 2318 272 2355 τοῦ
310 2310 689 2369 παραχαράττειν
729 2311 830 2356 ἔνια
869 2320 961 2358 τῶν
993 2312 1121 2358 ἐθῶν
1151 2313 1233 2357 καὶ
1265 2312 1380 2371 (scil.
1414 2312 1513 2371 διὰ)
1544 2320 1626 2371 τῆς
1656 2312 1882 2373 ἀσεβείας.

309 2383 418 2428 XVI
448 2389 474 2438 ἓ
505 2389 560 2428 21
595 2383 810 2441 ἄσμενος·
852 2384 1048 2446 ἀσμένῳ.
1081 2414 1138 2419 -
1170 2392 1196 2441 ἓ
1229 2391 1283 2431 79
1324 2387 1410 2431 οὐκ
1449 2385 1510 2432 ἂν
1549 2384 1691 2433 εἶναι·
1724 2386 1877 2433 οὐκέτ’

193 2456 254 2503 ἂν
285 2453 423 2503 εἶναι.
456 2486 512 2490 -
545 2463 570 2512 ξ
596 2463 682 2502 150
713 2459 922 2517 ἠρνήθη·
956 2458 1203 2518 ἀρνηθείη.
1229 2487 1286 2493 —
1311 2465 1336 2514 ξ
1360 2465 1446 2504 237
1479 2460 1594 2505 ἀλλὰ
1625 2460 1782 2519 μένειν
1814 2462 1881 2506 οἱ·

193 2530 291 2576 ἀλλ’
329 2531 376 2576 οἱ
414 2531 497 2588 μὲν
538 2532 717 2577 οἰκεῖοι.
750 2560 807 2566 -
839 2539 863 2588 ξ
896 2539 982 2578 243
1015 2542 1191 2592 χεῖρον·
1233 2533 1382 2591 suppl.
1416 2533 1604 2587 διαθείς
1635 2537 1683 2580 et
1713 2534 1799 2591 τήν
1830 2551 1882 2593 γε

190 2605 329 2662 τιμήν
359 2620 444 2663 pro
475 2605 561 2662 τήν
590 2621 640 2650 τε
671 2606 821 2663 τιμήν.
855 2635 910 2640 -
944 2613 968 2662 ξ
993 2613 1078 2651 276
1103 2606 1262 2659 αὐτός·
1296 2608 1468 2659 αὐτοῖς.
1494 2635 1549 2641 -
1574 2614 1600 2663 ξ
1624 2614 1710 2653 373
1735 2609 1882 2654 ἅπασι

190 2688 301 2725 τῶν·
335 2679 482 2724 ἅπασι
511 2681 619 2736 περὶ
648 2688 754 2726 τῶν.
787 2708 843 2713 -

310 2754 441 2798 XVII
471 2760 496 2809 ξ
529 2759 586 2798 70
616 2755 778 2812 αὐτῆς·
819 2755 950 2814 αὐτῇ.
983 2783 1039 2788 -
1070 2762 1095 2810 ξ
1129 2760 1214 2800 118
1252 2755 1480 2800 insertum
1510 2754 1616 2815 βίου
1649 2755 1880 2813 displicet.

194 2854 250 2859 —
290 2833 315 2881 ἓ
354 2832 440 2871 238
488 2827 649 2887 ἀρετῇ.
705 2827 966 2885 ἐρρωμένου
1013 2829 1092 2874 ἔτι.
1132 2857 1189 2862 --
1229 2835 1254 2885 ἓ
1292 2835 1380 2874 240
1431 2837 1524 2875 τῶν
1571 2830 1882 2887 εὐγνωμονεῖν

192 2899 575 2958 προαιρουμένων
594 2917 603 2926 ·
658 2902 742 2948 τὸν
795 2903 1105 2961 εὐγνωμονεῖν
1158 2903 1546 2961 προαιρούμενον.
1602 2931 1659 2936 -
1715 2909 1740 2957 ξ
1794 2907 1880 2947 259
