2032 3128
206 94 276 145 26
632 93 757 134 ΤΟΤ
786 94 1126 137 IOTAAIKOT
1156 94 1463 136 ΠΟΛΕΜΟΤ

205 227 546 296 μεσημβρινὴ
586 227 728 295 πύλη
770 225 859 279 καὶ
898 230 994 296 μιά
1032 230 1274 297 βόρειος,
1324 225 1400 280 δι’
1432 223 1496 295 ἧς
1535 229 1612 290 εἰς
1650 228 1750 296 τὴν
1789 246 1886 294 γυ-

205 324 524 368 ναικωνῖτιν
577 317 825 383 εἰσῆγον·
886 317 1022 368 κατὰ
1078 316 1181 385 γὰρ
1236 316 1330 378 τὰς
1382 317 1550 378 ἄλλας
1604 315 1705 368 οὐκ
1759 314 1885 383 ἐξῆν

203 408 504 472 παρελθεῖν
558 403 831 472 γυναιξίν,
894 401 1014 456 ἀλλ’
1070 400 1202 457 οὐδὲ
1263 404 1398 456 κατὰ
1459 405 1560 472 τὴν
1614 401 1886 472 σφετέραν

204 488 509 561 ὑπερβῆναι
547 494 608 545 τὸ
650 493 1003 561 διατείχισμα.
1065 491 1247 545 ἀνεῖτό
1288 511 1350 559 γε
1390 493 1498 561 μὴν
1538 500 1654 554 ταῖς
1692 490 1744 544 τ’
1774 491 1886 544 ἐπι-

203 582 427 649 χωρίοις
463 577 553 632 καὶ
593 589 712 643 ταῖς
751 580 960 644 ἔξωθεν
995 580 1300 650 ὁμοφύλοις
1339 579 1398 633 ἐν
1432 585 1532 652 ἴσω
1570 582 1707 645 πρὸς
1745 585 1883 648 θρη-
1931 607 1952 640 5

204 671 391 721 σκείαν
431 669 460 722 ὁ
499 677 689 738 χῶρος.
766 668 948 738 <2ΟΟ>
987 671 1047 722 τὸ
1090 665 1150 721 δὲ
1195 670 1331 738 πρὸς
1379 669 1541 720 δύσιν
1581 667 1745 737 μέρος
1784 667 1886 720 οὐκ

202 753 310 827 εἶχε
349 758 547 825 πύλην,
587 755 723 809 ἀλλὰ
763 754 1009 826 διηνεκὲς
1050 756 1348 825 ἐδεδόμητο
1384 758 1553 827 ταύτῃ
1593 757 1653 809 τὸ
1694 765 1885 825 τεῖχος.

203 846 264 898 αἱ
299 843 452 898 στοαὶ
493 842 553 898 δὲ
592 844 792 914 μεταξὺ
826 854 936 898 τῶν
967 850 1159 898 πυλῶν
1191 843 1298 897 ἀπὸ
1330 853 1431 899 τοῦ
1469 848 1682 915 τείχους
1721 845 1886 898 ἔνδον

201 932 562 1004 τετραμμέναι
606 936 712 1003 πρὸ
753 943 861 987 τῶν
902 936 1339 1003 γαζοφυλακίων,
1387 935 1606 1003 σφόδρα
1653 930 1753 1002 μὲν
1792 953 1887 986 κα-

201 1027 319 1085 λοῖς
348 1021 439 1075 καὶ
474 1023 731 1091 μεγάλοις
763 1021 1047 1092 ἀνείχοντο
1079 1025 1279 1090 κίοσιν,
1319 1017 1462 1090 ἦσαν
1495 1020 1543 1075 δ’
1569 1021 1752 1091 ἁπλαῖ,
1791 1020 1880 1074 καὶ
1906 1049 1948 1081 10

201 1113 346 1180 πλὴν
385 1119 484 1164 τοῦ
523 1109 796 1180 μεγέθους
834 1120 945 1163 τῶν
983 1110 1127 1163 κάτω
1167 1107 1283 1163 κατ’
1310 1107 1477 1164 οὐδὲν
1515 1110 1886 1164 ἀπελείποντο.

314 1200 494 1268 <201>
535 1208 645 1252 τῶν
687 1197 748 1252 δὲ
787 1203 977 1252 πυλῶν
1010 1199 1072 1251 αἶ
1105 1196 1206 1268 μὲν
1238 1196 1398 1252 ἐννέα
1437 1207 1620 1270 χρυσῷ
1662 1196 1753 1251 καὶ
1793 1198 1888 1267 ἀρ-

201 1289 353 1361 γύρῳ
408 1287 810 1358 κεκαλυμμέναι
864 1290 1215 1358 πανταχόθεν
1261 1283 1430 1356 ἦσαν,
1482 1287 1683 1355 ὁμοίως
1729 1288 1791 1340 αἴ
1831 1307 1888 1340 τε

199 1378 543 1447 παραστάδες
595 1376 686 1430 καὶ
732 1378 797 1429 τὰ
848 1375 1163 1446 ὑπέρθυρα·
1220 1370 1333 1445 μία
1365 1372 1414 1428 δ’
1452 1377 1485 1445 ἡ
1534 1376 1744 1440 ἔξωθεν
1790 1384 1889 1430 τοῦ

199 1467 306 1520 νεὼ
339 1468 654 1536 Κορινθίου
686 1469 913 1535 χαλκοῦ,
951 1466 1094 1518 πολὺ
1127 1472 1191 1534 τῇ
1224 1471 1351 1533 τιμῇ
1385 1465 1478 1527 τὰς
1510 1465 1888 1534 καταργύρους
1912 1490 1955 1523 15

199 1553 289 1608 καὶ
347 1555 716 1624 περιχρύσους
770 1554 1160 1623 ὑπεραίρουσα.
1251 1553 1431 1622 <202>
1485 1551 1574 1606 καὶ
1631 1554 1732 1606 δύο
1788 1550 1889 1622 μὲν

201 1642 431 1696 ἑκάστου
462 1647 718 1706 πυλῶνος
751 1644 943 1711 θύραι,
981 1642 1276 1711 τριάκοντα
1311 1638 1372 1694 δὲ
1403 1644 1621 1712 πήχεων
1651 1642 1713 1694 τὸ
1745 1642 1890 1706 ὕψος

200 1730 442 1801 ἑκάστης,
486 1730 576 1784 καὶ
614 1733 677 1785 τὸ
717 1732 918 1794 πλάτος
956 1728 1026 1800 ἦν
1065 1732 1469 1784 πεντεκαίδεκα.
1533 1730 1716 1800 <203>
1756 1731 1889 1799 μετὰ

199 1819 387 1889 μέντοι
425 1821 520 1883 τὰς
559 1822 812 1883 εἰσόδους
852 1819 1124 1890 ἐνδοτέρω
1163 1822 1569 1887 πλατυνόμενοι
1607 1817 1735 1886 παρ’
1768 1817 1889 1872 ἑκά-

198 1929 360 1978 τερον
398 1912 883 1979 τριακονταπήχεις
922 1906 1142 1978 ἐξέδρας
1180 1905 1331 1978 εἶχον
1364 1904 1525 1979 εὖρός
1563 1927 1618 1961 τε
1658 1907 1748 1961 καὶ
1788 1916 1887 1977 μῆ-
1912 1934 1957 1966 20

198 2019 293 2061 κος
332 2000 696 2068 πυργοειδεῖς,
735 1998 950 2066 ὑψηλὰς
989 1993 1043 2050 δ’
1073 1995 1211 2067 ὑπὲρ
1252 1997 1648 2062 τετταράκοντα
1687 1999 1890 2066 πήχεις.

200 2088 302 2140 δύο
352 2084 404 2139 δ’
445 2086 667 2156 ἀνεῖχον
716 2085 950 2154 ἑκάστην
996 2089 1202 2154 κίονες,
1256 2087 1470 2139 δώδεκα
1523 2087 1741 2155 πήχεων
1788 2087 1889 2154 τὴν

197 2177 461 2245 περιοχὴν
501 2178 731 2245 ἔχοντες.
801 2175 981 2245 <204>
1019 2173 1110 2228 καὶ
1148 2185 1260 2228 τῶν
1297 2171 1398 2243 μὲν
1431 2176 1615 2227 ἄλλων
1657 2179 1779 2227 ἴσον
1818 2171 1889 2243 ἦν

198 2266 259 2317 τὸ
300 2262 559 2333 μέγεθος,
597 2265 631 2333 ἡ
673 2262 723 2316 δ’
752 2262 889 2334 ὑπὲρ
930 2265 1031 2332 τὴν
1062 2267 1379 2333 Κορινθίαν
1418 2263 1524 2316 ἀπὸ
1564 2271 1658 2332 τῆς
1697 2283 1889 2330 γυναι-

197 2354 488 2416 κωνίτιδος
521 2352 574 2416 ἐξ
609 2352 878 2420 ἀνατολῆς
909 2352 1244 2421 ἀνοιγομένη
1277 2360 1372 2421 τῆς
1403 2359 1502 2406 τοῦ
1540 2359 1682 2405 ναοῦ
1712 2353 1888 2421 πύλης
1912 2375 1956 2408 25

198 2440 427 2512 ἀντικρὺ
467 2444 609 2495 πολὺ
658 2444 880 2510 μείζων·
928 2440 1109 2511 <205>
1146 2443 1486 2510 πεντήκοντα
1525 2441 1630 2509 γὰρ
1669 2441 1888 2508 πήχεων

198 2525 338 2583 οὖσα
369 2531 471 2599 τὴν
495 2529 782 2598 ἀνάτασιν,
813 2531 1403 2600 τετταρακονταπήχεις
1429 2530 1523 2591 τὰς
1551 2529 1732 2598 θύρας
1759 2525 1890 2597 εἶχε,

196 2617 288 2671 καὶ
342 2621 439 2672 τὸν
494 2621 703 2687 κόσμον
756 2618 1237 2689 πολυτελέστερον,
1295 2617 1383 2671 ἐπὶ
1440 2613 1667 2681 δαψιλὲς
1719 2617 1891 2686 πάχος

197 2706 444 2777 ἀργύρου
483 2728 540 2760 τε
580 2705 672 2761 καὶ
709 2714 937 2776 χρυσοῦ.
1000 2714 1200 2760 τοῦτον
1237 2704 1298 2760 δὲ
1336 2714 1455 2769 ταῖς
1494 2703 1654 2758 ἐννέα
1693 2706 1892 2768 πύλαις

197 2794 415 2866 ἐπέχεεν
455 2798 485 2851 ὁ
518 2799 775 2866 Τιβερίου
813 2797 991 2864 πατὴρ
1024 2794 1398 2863 Ἀλέξανδρος.
1459 2794 1640 2863 <206>
1678 2792 1890 2862 βαθμοὶ
1914 2817 1959 2849 3ο

198 2881 259 2937 δὲ
297 2886 685 2939 πεντεκαίδεκα
724 2885 861 2954 πρὸς
898 2885 1000 2952 τὴν
1033 2887 1254 2953 μείζονα
1292 2884 1474 2951 πύλην
1507 2882 1612 2936 ἀπὸ
1645 2891 1744 2936 τοῦ
1779 2892 1891 2936 τῶν
