2032 3128
722 105 933 146 ΛΟΓΟΣ
964 104 1253 146 ΕΒΔοΜοΣ
1361 106 1363 108 ·
1717 97 1822 150 165

145 240 234 292 δεῖ
270 236 331 291 δὲ
375 235 655 307 παραλλὰξ
707 239 804 291 τὸν
851 234 924 290 δι’
962 236 1129 305 αὐτῆς
1168 236 1460 304 βαδίζοντα
1497 236 1594 288 τὸν
1641 232 1829 302 ἕτερον

141 338 263 380 τοῖν
308 328 509 380 ποδοῖν
557 325 888 394 ἐρείδεσθαι.
963 327 1078 378 ἔστι
1126 321 1188 376 δὲ
1241 326 1519 392 πρόδηλος
1574 324 1828 391 ὄλεθρος·
1868 367 1870 370 ,

144 406 485 477 ἑκατέρωθεν
514 414 627 476 γὰρ
675 414 853 481 βάθος
897 421 1160 482 κρημνῶν
1199 410 1522 480 ὑποκέχηνε,
1561 418 1624 480 τῇ
1666 412 1831 479 φοβε-

144 499 330 565 ρότητι
376 502 559 547 πᾶσαν
605 494 903 563 εὐτολμίαν
941 498 1200 562 ἐκπλῆξαι
1244 500 1573 562 δυνάμενον.
1649 497 1831 565 <284>

99 606 120 638 5
144 585 237 636 διὰ
273 584 529 651 τοιαύτης
569 579 673 636 οὗν
713 582 939 636 ἐλθόντι
979 584 1240 645 σταδίους
1281 582 1572 649 τριάκοντα
1615 586 1831 652 κορυφὴ

142 674 204 725 τὸ
244 674 440 725 λοιπόν
489 670 668 738 ἐστιν,
714 670 817 723 οὐκ
855 672 934 733 εἰς
972 669 1069 733 ὀξὺ
1109 669 1278 737 τέρμα
1318 668 1659 738 συνηγμένη,
1709 665 1828 723 ἀλλ’

144 757 269 813 ὥστ’
325 756 468 813 εἶναι
521 756 637 811 κατ’
692 760 862 826 ἄκρας
916 758 1193 810 ἐπίπεδον.
1269 757 1464 825 <285>
1523 756 1610 810 ἐπὶ
1662 759 1833 828 ταύτῃ

141 857 362 912 πρῶτον
394 842 497 913 μὲν
528 845 558 898 ὁ
591 843 878 913 ἀρχιερεὺς
917 843 1308 916 ᾠκοδομήσατο
1347 847 1622 915 φρούριον
1649 844 1835 899 Ἰωνά-

140 938 274 1001 θης,
314 932 405 985 καὶ
444 935 862 1002 προσηγόρευσε
902 933 1207 986 Μασάδαν·
1247 933 1483 1004 ὕστερον
1522 932 1575 986 δ’
1612 932 1833 1005 τΗρώδῃ

76 1045 117 1076 10
141 1028 216 1092 τςό
256 1024 476 1089 βασιλεῖ
513 1022 605 1074 διὰ
643 1025 850 1089 πολλῆς
889 1020 1106 1088 ἐγένετο
1147 1024 1392 1091 σπουδῆς
1422 1023 1456 1091 ἡ
1488 1031 1588 1076 τοῦ
1628 1026 1834 1092 χωρίου

140 1111 462 1177 κατασκευή.
538 1109 734 1177 <286>
780 1112 956 1179 τεῖχός
1001 1129 1057 1162 τε
1105 1111 1210 1180 γὰρ
1260 1112 1448 1179 ἤγειρε
1494 1109 1619 1180 περὶ
1657 1111 1835 1164 πάντα

140 1200 238 1250 τὸν
277 1199 484 1251 κύκλον
531 1205 625 1265 τῆς
670 1206 919 1267 κορυφῆς
965 1196 1097 1250 ἑπτὰ
1149 1200 1388 1252 σταδίων
1427 1200 1587 1267 ὄντα,
1633 1203 1835 1253 λευκοῦ

141 1283 244 1354 μὲν
291 1289 460 1339 λίθου
506 1285 908 1355 πεποιημένον,
952 1287 1095 1351 ὕψος
1142 1286 1203 1339 δὲ
1251 1288 1465 1340 δώδεκα
1503 1285 1593 1340 καὶ
1632 1288 1835 1351 πλάτος

141 1374 282 1427 ὀκτὼ
321 1376 512 1443 πήχεις
550 1377 693 1444 ἔχον.
744 1374 926 1444 <287>
958 1375 1250 1443 τριάκοντα
1291 1374 1339 1428 δ’
1379 1377 1528 1447 αὐτῷ
1569 1374 1661 1428 καὶ
1702 1374 1834 1429 ἑπτὰ
1905 1425 1909 1430 .

75 1486 118 1518 15
140 1463 346 1532 πύργοι
391 1466 923 1532 πεντηκονταπήχεις
968 1464 1366 1533 ἀνεστήκεσαν,
1413 1463 1466 1528 ἐξ
1516 1460 1595 1517 ὧν
1639 1461 1710 1533 ἧν
1756 1467 1835 1528 εἰς

142 1553 409 1620 οἰκήματα
449 1553 699 1605 διελθεῖν
737 1551 862 1623 περὶ
891 1560 1005 1606 πᾶν
1036 1554 1098 1606 τὸ
1130 1563 1306 1622 τεῖχος
1345 1554 1512 1606 ἔνδον
1552 1550 1835 1625 ᾠκοδομη-

141 1638 300 1709 μένα·
341 1640 523 1708 <288>
554 1642 657 1709 τὴν
698 1642 801 1709 γὰρ
840 1642 1097 1712 κορυφὴν
1136 1643 1304 1694 πίονα
1341 1639 1433 1694 καὶ
1470 1642 1668 1694 πεδίου
1700 1659 1836 1695 παν-

139 1731 232 1792 τὸς
271 1724 447 1782 οὖσαν
494 1727 887 1799 μαλακωτέραν
935 1729 1137 1798 ἀνῆκεν
1177 1731 1256 1791 εἰς
1295 1732 1569 1799 γεωργίαν
1611 1730 1640 1783 ὁ
1679 1733 1835 1798 βασι-

138 1818 289 1886 λεύς,
328 1815 402 1871 ἵν’
440 1823 651 1871 εἴποτε
682 1826 779 1887 τῆς
811 1817 911 1882 ἔξω
944 1825 1154 1888 τροφῆς
1185 1818 1387 1889 ἀπορία
1418 1818 1657 1887 γένοιτο,
1696 1816 1836 1887 μηδὲ

10 1930 15 1933 ⁴
75 1930 119 1962 20
143 1908 312 1978 ταύτῃ
365 1908 595 1977 κάμοιεν
650 1908 708 1960 οἱ
756 1908 857 1976 τὴν
904 1907 1089 1960 αὑτῶν
1137 1909 1415 1977 σωτηρίαν
1461 1914 1536 1978 τῷ
1583 1911 1836 1979 φρουρίῳ

137 1999 570 2060 πεπιστευκότες.
648 1995 832 2065 <289>
879 1994 970 2048 καὶ
1010 1999 1294 2065 βασίλειον
1334 1993 1396 2049 δὲ
1439 1998 1838 2050 κατεσκεύασεν

142 2084 202 2138 ἐν
242 2085 418 2156 αὐτῷ,
464 2086 601 2138 κατὰ
647 2086 751 2154 τὴν
797 2084 904 2138 ἀπὸ
943 2092 1039 2153 τῆς
1078 2083 1312 2155 ἑσπέρας
1350 2084 1651 2154 ἀνάβασιν,
1702 2085 1835 2139 ὑπο-

138 2174 283 2226 κάτω
324 2171 425 2243 μὲν
463 2183 574 2227 τῶν
613 2181 710 2241 τῆς
748 2175 918 2244 ἄκρας
955 2184 1172 2244 τειχῶν,
1213 2175 1350 2244 πρὸς
1392 2171 1453 2227 δὲ
1491 2174 1593 2242 τὴν
1632 2175 1837 2244 ἄρκτον

140 2262 410 2330 ἐγκλῖνον.
487 2271 587 2316 τοῦ
635 2259 696 2316 δὲ
743 2265 1029 2332 βασιλείου
1079 2264 1141 2316 τὸ
1188 2273 1365 2333 τεῖχος
1410 2259 1481 2332 ἦν
1527 2263 1659 2327 ὕψει
1698 2261 1835 2332 μέγα

73 2375 115 2406 25
138 2350 230 2404 καὶ
269 2355 557 2422 καρτερόν,
594 2353 845 2421 πύργους
884 2354 1011 2422 ἔχον
1048 2338 1502 2422 ἑξηκονταπήχεις
1534 2336 1854 2419 ἐγγωνίους

136 2439 411 2508 τέτταρας.
462 2441 646 2509 <290>
677 2441 711 2509 ἥ
743 2460 800 2493 τε
833 2450 945 2493 τῶν
985 2441 1301 2510 οἰκημάτων
1340 2443 1508 2495 ἔνδον
1539 2439 1630 2494 καὶ
1656 2449 1834 2494 στοῶν

137 2527 228 2581 καὶ
274 2533 584 2598 βαλανείων
634 2529 940 2597 κατασκευὴ
988 2532 1223 2583 παντοία
1268 2528 1360 2583 καὶ
1403 2531 1708 2598 πολυτελὴς
1745 2525 1834 2599 ἦν,

135 2620 344 2682 κιόνων
390 2616 491 2688 μὲν
538 2617 856 2687 ἁπανταχοῦ
895 2621 1217 2687 μονολίθων
1262 2618 1680 2688 ὑφεστηκότων,
1730 2621 1836 2671 τοί-

132 2726 252 2776 χων
284 2704 346 2760 δὲ
375 2705 467 2760 καὶ
499 2717 609 2760 τῶν
643 2706 703 2760 ἐν
735 2716 852 2769 τοῖς
883 2708 1178 2776 οἰκήμασιν
1210 2707 1433 2777 ἐδαφῶν
1458 2710 1630 2760 λίθου
1662 2708 1834 2776 στρώ-

71 2816 115 2849 30
138 2810 222 2848 σει
261 2795 719 2865 πεποικιλμένων.
766 2796 950 2864 <291>
981 2797 1118 2866 πρὸς
1150 2796 1381 2850 ἕκαστον
1414 2793 1476 2849 δὲ
1507 2804 1619 2849 τῶν
1651 2797 1834 2849 οἰκου-

139 2883 324 2953 μένων
362 2887 547 2938 τόπων
587 2886 703 2938 ἀνω
743 2904 798 2937 τε
847 2882 938 2937 καὶ
983 2883 1108 2953 περὶ
1154 2887 1215 2939 τὸ
1262 2887 1550 2954 βασίλειον
1588 2882 1680 2937 καὶ
1727 2885 1833 2954 πρὸ
