2032 3128
691 120 901 162 ΛΟΓΟΣ
932 120 1253 162 ΠΡΟΤΕΡΟΣ
1703 117 1811 168 239

132 253 303 322 μένην
343 254 546 322 χώραν,
593 251 682 304 καὶ
721 253 850 315 τούς
895 250 946 306 τ’
993 253 1326 319 ἀνθρώπους
1364 253 1684 321 ὑβρίζοντας
1722 250 1812 305 καὶ

132 343 196 393 τὰ
254 342 371 410 ἱερὰ
428 344 709 403 συλῶντας
762 339 850 393 καὶ
907 341 1288 409 ἐμπρήσαντας
1340 340 1528 394 ἐλθεῖν
1581 342 1659 403 εἰς
1711 341 1813 408 τὴν

129 438 235 482 νῦν
276 425 550 482 Ἰουδαίαν
596 427 1170 497 προσαγορευομένην,
1215 431 1503 491 κτίσαντας
1550 426 1610 481 δὲ
1649 431 1813 482 πόλιν

129 515 373 569 ἐνταῦθα
420 526 710 570 κατοικεῖν.
795 517 976 584 <311>
1023 518 1084 570 τὸ
1133 515 1195 570 δὲ
1249 518 1385 570 ἄστυ
1439 524 1602 571 τοῦτο
1648 514 1812 586 Ἱερό-

83 629 104 659 5
131 608 269 656 συλα
308 604 414 658 ἀπὸ
453 612 549 673 τῆς
588 604 814 658 ἐκείνων
855 603 1156 667 διαθέσεως
1193 604 1541 673 ὠνομάσθαι·
1579 605 1811 673 ὕστερον

130 690 178 745 δ’
211 692 411 755 αὐτοὺς
442 692 907 762 ἐπικρατήσαντας
944 696 1126 766 χρόνῳ
1161 693 1444 757 διαλλάξαι
1479 694 1580 762 τὴν
1613 693 1812 761 ὀνομα-

130 784 255 834 σιάν
292 783 429 850 πρὸς
466 783 526 835 τὸ
566 782 638 850 μὴ
674 782 1059 849 ὀνειδίζεσθαι,
1098 780 1188 834 καὶ
1226 784 1327 850 τήν
1365 800 1422 835 τε
1453 783 1618 835 πόλιν
1648 779 1812 845 Ἱερο-

129 872 341 938 σόλυμα
378 867 470 922 καὶ
509 869 711 932 αὐτοὺς
744 867 1180 937 Ἱεροσολυμίτας
1217 869 1745 938 προσαγορεύεσθαι.

238 958 419 1026 <312>
454 954 616 1020 οὗτος
655 955 787 1011 οὐδὲ
824 960 922 1011 τὸν
961 958 1131 1010 αὐτὸν
1170 956 1401 1020 ἐκείνοις
1438 953 1600 1027 εὗρεν
1639 958 1812 1009 εἰπεῖν

63 1072 105 1103 10
128 1045 379 1114 βασιλέα,
422 1048 745 1116 καινότερον
786 1045 833 1099 δ’
868 1048 1043 1115 ὄνομα
1084 1044 1457 1114 συντέθεικεν,
1496 1043 1586 1099 καὶ
1625 1043 1813 1114 παρεὶς

129 1134 391 1187 ἐνύπνιον
422 1133 514 1188 καὶ
554 1138 843 1204 προφήτην
882 1136 1212 1203 Αἰγύπτιον,
1251 1137 1329 1198 εἰς
1361 1133 1647 1204 ’Ἄμμωνος
1686 1132 1813 1186 ἄπε-

127 1224 337 1290 λήλυθε
385 1221 510 1288 περὶ
549 1233 660 1277 τῶν
698 1232 905 1290 ψωρῶν
951 1222 1041 1276 καὶ
1082 1228 1299 1292 λεπρῶν
1341 1224 1589 1294 χρησμὸν
1628 1228 1813 1276 οἴσων.

126 1312 308 1380 <313>
347 1311 482 1380 φησὶ
521 1313 625 1382 γὰρ
657 1315 735 1376 εἰς
774 1313 837 1365 τὰ
871 1313 989 1381 ίερὰ
1022 1311 1388 1380 συλλέγεσθαι
1428 1315 1644 1380 πλῆθος
1676 1308 1815 1363 Ἰου-

127 1402 318 1468 δαίων,
366 1396 471 1471 ἆρά
517 1420 579 1469 γε
629 1409 792 1455 τοῦτο
839 1410 955 1463 τοϊς
1002 1405 1222 1469 λεπροῖς
1260 1402 1436 1470 ὄνομα
1473 1398 1734 1469 θέμενος,
1780 1398 1813 1467 ἢ

60 1512 102 1544 15
126 1491 313 1557 μόνων
367 1499 478 1542 τῶν
534 1487 823 1543 Ἰουδαίων
877 1499 994 1552 τοῖς
1045 1493 1317 1558 νοσήμασι
1377 1491 1813 1557 περιπεσόντων;

124 1576 271 1645 λέγει
317 1579 420 1648 γὰρ
462 1578 519 1632 ‘6
566 1581 697 1642 λαὸς
741 1588 852 1631 τῶν
902 1576 1223 1631 Ἰουδαίων.’
1311 1578 1508 1646 <314>
1556 1577 1585 1630 ὁ
1632 1585 1813 1641 ποῖος;

126 1669 346 1734 ἔπηλυς,
380 1666 412 1735 ἢ
444 1668 505 1720 τὸ
538 1665 698 1735 γένος
730 1666 1012 1737 έγχώριος;
1048 1668 1141 1720 διὰ
1172 1669 1229 1719 τί
1256 1669 1449 1720 τοίνυν
1477 1667 1816 1734 Αἰγυπτίους

123 1754 325 1818 αὐτοὺς
371 1757 533 1818 ὄντας
577 1754 886 1818 Ἰουδαίους
931 1759 1135 1819 καλεῐςς
1193 1756 1244 1808 εἰ
1291 1752 1351 1808 δὲ
1399 1753 1571 1822 ξένοι,
1625 1755 1717 1806 διὰ
1764 1756 1820 1806 τί

121 1845 299 1896 πόθεν
339 1844 407 1897 οὐ
446 1843 643 1912 λέγεις;
701 1854 815 1907 πῶς
856 1843 941 1911 δέ,
989 1851 1088 1897 τοῦ
1127 1842 1398 1912 βασιλέως
1434 1845 1674 1912 πολλοὺς
1712 1838 1813 1911 μὲν

10 1944 13 1945 ’
57 1956 99 1986 20
124 1932 308 1986 αὐτῶν
346 1936 688 2000 βυθίσαντος
726 1935 804 1996 είς
842 1934 944 2002 τὴν
982 1933 1281 2001 θάλατταν,
1320 1934 1447 1994 τοὺς
1486 1928 1548 1984 δὲ
1587 1933 1814 1993 λοιποὺς

122 2022 200 2083 εἰς
246 2021 483 2090 ἐρήμους
533 2024 735 2084 τόπους
782 2021 1138 2091 ἐκβαλόντος,
1192 2029 1448 2074 τοσοῦτοι
1493 2021 1555 2073 τὸ
1600 2023 1815 2087 πλῆθος

125 2110 568 2179 ὑπελείφθησαν;
630 2109 812 2178 <315>
861 2108 894 2178 ἢ
940 2113 1063 2162 τίνα
1113 2112 1321 2178 τρόπον
1369 2107 1666 2177 διεξῆλθον
1713 2104 1813 2176 μὲν

122 2199 224 2266 τὴν
267 2200 491 2267 ἔρημον,
547 2197 853 2267 ἐκράτησαν
900 2195 962 2251 δὲ
1008 2205 1102 2266 τῆς
1147 2197 1326 2268 χώρας
1371 2194 1436 2266 ἧς
1481 2204 1588 2250 νῦν
1633 2216 1812 2249 κατοι-

121 2293 346 2354 κοῦμεν,
386 2289 604 2339 ἔκτισαν
645 2283 706 2339 δὲ
745 2285 836 2339 καὶ
875 2289 1039 2339 πόλιν
1078 2284 1168 2338 καὶ
1207 2286 1351 2339 νεὼν
1383 2283 1812 2358 ᾠκοδομήσαντο

56 2398 98 2430 25
121 2383 255 2428 πᾶσι
293 2377 648 2445 περιβόητον;
691 2376 872 2443 <316>
913 2374 1078 2444 ἐχρῆν
1119 2372 1180 2427 δὲ
1218 2372 1311 2428 καὶ
1350 2373 1475 2443 περὶ
1507 2382 1607 2428 τοῦ
1645 2393 1812 2442 νομο-

122 2463 291 2518 θέτου
339 2465 411 2533 μὴ
462 2467 636 2533 μόνον
684 2466 861 2516 εἰπεῖν
906 2465 1174 2532 τοῦνομα,
1230 2465 1474 2532 δηλῶσαι
1514 2459 1575 2516 δὲ
1621 2461 1712 2515 καὶ
1749 2462 1811 2514 τὸ

122 2552 281 2619 γένος
328 2554 480 2615 ὅστις
525 2549 596 2621 ἦν
642 2551 731 2605 καὶ
779 2555 964 2605 τίνων.
1043 2553 1135 2605 διὰ
1173 2555 1230 2605 τί
1271 2549 1331 2605 δὲ
1369 2552 1654 2613 τοιούτους
1694 2550 1811 2619 [ἂν]

124 2641 311 2704 αὐτοῖς
359 2641 668 2710 ἐπεχείρησε
716 2639 934 2694 τιθέναι
979 2643 1187 2709 νόμους
1232 2639 1358 2711 περὶ
1395 2646 1548 2693 θεῶν
1589 2637 1680 2692 καὶ
1719 2645 1814 2706 τῆς

121 2718 258 2795 πρὸς
312 2729 648 2800 ἀνθρώπους
702 2729 915 2792 ἀδικίας
963 2731 1099 2783 κατὰ
1153 2730 1254 2797 τὴν
1306 2732 1560 2799 πορείαν;
1629 2726 1811 2795 <317>

55 2840 98 2871 30
122 2823 230 2871 εἴτε
278 2819 383 2888 γὰρ
431 2820 730 2887 Αἰγύπτιοι
784 2820 843 2871 τὸ
900 2817 1059 2886 γένος
1112 2815 1272 2887 ἦσαν,
1328 2817 1428 2870 οὐκ
1479 2817 1548 2870 ἂν
1599 2816 1658 2870 ἐκ
1702 2824 1814 2868 τῶν

121 2911 368 2975 πατρίων
416 2906 566 2960 ἐθῶν
613 2907 757 2960 οὕτω
809 2907 1012 2978 ῥᾳδίως
1065 2907 1452 2976 μετεβάλοντο·
1508 2903 1606 2958 εἴτ’
1649 2904 1812 2957 ἄλλα-

1846 974 1900 1013 35
