2032 3128
704 122 807 163 ΕΙΣ
837 120 1274 162 ΜΑΚΚΑΒΑῙΟΤΣ
1722 114 1830 169 303

151 256 500 320 βασανιστῶν
541 252 876 322 ἐθαυμάζετο
914 261 1008 321 τῆς
1053 253 1330 323 εὐψυχίας.
1407 253 1550 320 <72>
1590 251 1726 304 ὅθεν
1764 251 1830 303 τὰ

151 337 252 408 μὲν
292 340 573 404 ἐλεοῦντες
610 342 676 393 τὰ
714 349 813 395 τοῦ
860 345 1040 410 γήρως
1078 341 1268 409 αὐτοῦ,
1314 342 1380 394 τὰ
1420 338 1482 394 δὲ
1521 340 1582 394 ἐν
1622 355 1831 408 συμπα-

148 431 277 499 θείᾳ
324 429 416 481 διὰ
462 430 563 497 τὴν
610 432 915 498 συνήθειαν
962 431 1142 497 ὄντες,
1191 431 1256 482 τὰ
1304 426 1364 482 δὲ
1412 428 1473 482 ἐν
1519 434 1830 499 θαυμασμῷ

147 524 243 584 τῆς
287 519 596 585 καρτερίας,
645 520 968 586 προσιόντες
1014 517 1161 588 αὐτῷ
1208 535 1353 579 τινες
1389 525 1500 569 τῶν
1538 523 1637 569 τοῦ
1676 519 1830 584 βασι-

105 631 126 663 5
149 604 284 666 λε’ως
316 607 508 672 ἔλεγον
542 604 625 658 (τί
657 615 772 668 τοῖς
801 615 987 668 κακοῖς
1018 606 1234 668 τούτοις
1265 607 1497 658 σεαυτὸν
1528 605 1830 672 ἀλογίστως

146 693 532 762 παραβάλλεις,
565 691 873 760 Ἐλεάζαρε;
922 694 1078 762 ἡμεῖς
1116 689 1216 762 μέν
1256 708 1344 746 σοι
1383 703 1492 746 τῶν
1531 692 1828 762 ἡψημένων

147 791 326 849 κρεῶν
363 783 780 849 παραθήσομεν,
827 784 895 834 σὺ
940 779 1002 834 δὲ
1040 782 1474 850 ὑποκρινόμενος
1511 791 1622 834 τῶν
1661 780 1828 833 ὑείων

148 869 565 937 ἀπογεύσασθαι
598 869 844 938 σώθητιῖ
897 871 1041 938 <73>
1076 869 1104 923 ὃ
1139 867 1199 923 δὲ
1233 870 1305 932 ὡς
1334 872 1660 937 πικρότερον
1691 871 1828 921 αἰκι-

148 956 304 1019 σθεὶς
350 959 443 1010 διά
489 965 586 1025 τῆς
633 961 969 1026 συμβουλίας
1014 960 1198 1026 ἔκραζε
1244 956 1422 1025 λέγων
1465 957 1564 1026 εμὴ
1611 955 1827 1024 γε’νοιτο

79 1071 122 1103 10
146 1044 238 1096 ἵνα
278 1044 422 1098 οὕτω
461 1055 640 1108 κακῶς
677 1049 1044 1115 φρονήσωμεν
1084 1047 1143 1100 οἱ
1183 1047 1375 1108 παῖδες
1410 1043 1653 1114 Ἀβραὰμ
1692 1045 1827 1097 ὥστε

146 1135 704 1203 μαλακοψυχήσαντες
739 1131 973 1203 ἀπρεπὲς
1010 1135 1143 1203 ἡμῖν
1175 1136 1355 1205 δρᾶμα
1393 1134 1826 1202 ὑποκρίνασθαι·

143 1221 289 1289 <74>
335 1219 426 1274 καὶ
479 1224 584 1291 γὰρ
632 1222 925 1291 ἀλόγιστον
972 1226 1024 1276 εἰ
1073 1226 1211 1292 πρὸς
1255 1224 1524 1292 ἀλήθειαν
1573 1224 1828 1290 ζήσαντες

143 1311 242 1363 τὸν
282 1309 438 1379 μέχρι
486 1313 666 1380 γήρως
711 1314 838 1380 βίον
876 1310 966 1364 καὶ
1013 1313 1114 1380 τὴν
1153 1309 1238 1365 ἐπ’
1274 1311 1419 1383 αὐτῷ
1468 1309 1636 1374 δόξαν
1673 1313 1827 1377 νομί-

144 1418 258 1466 μως
302 1398 642 1467 φυλάξαντες
694 1407 801 1453 νῦν
847 1404 1317 1469 μεταβαλοίμεθα,
1370 1397 1460 1452 καὶ
1515 1396 1672 1452 αὐτοὶ
1725 1395 1826 1467 μὲν

76 1512 120 1544 15
144 1485 298 1555 ἡμεῖς
351 1490 652 1555 γενοίμεθα
705 1497 820 1551 τοῖς
872 1487 1019 1551 νεόις
1066 1487 1316 1557 ἀσεβείας
1360 1489 1552 1555 τύπος,
1599 1488 1690 1539 ἵνα
1735 1484 1826 1539 καὶ

142 1575 490 1644 παράδειγμα
543 1577 833 1644 γενώμεθα
886 1584 979 1644 τῆς
1036 1579 1427 1646 μιαροφαγίας,
1483 1577 1712 1645 αἰσχρὸν
1766 1571 1826 1627 δὲ

144 1662 525 1732 ἐπιβιώσωμεν
558 1664 749 1732 ὀλίγον
780 1667 1002 1734 χρόνον,
1036 1664 1127 1718 καὶ
1156 1674 1357 1718 τοῦτον
1386 1665 1826 1732 καταγελώμενοι

140 1753 278 1819 πρὸς
316 1750 574 1804 ἁπάντων
614 1751 703 1805 ἐπὶ
743 1754 947 1824 δειλίᾳ,
992 1752 1083 1806 καὶ
1121 1754 1229 1807 ὑπὸ
1269 1750 1370 1822 μὲν
1409 1761 1509 1806 τοῦ
1547 1752 1825 1819 τυράννου

141 1839 215 1901 ὡς
267 1840 538 1907 ἄνανδροι
591 1848 1129 1911 καταφρονήθῶμεν,
1185 1843 1283 1894 τὸν
1339 1838 1400 1894 δὲ
1453 1846 1614 1894 θεῖον
1668 1840 1824 1908 ἡμῶν

72 1954 117 1986 20
140 1929 316 1996 νόμον
355 1929 427 1997 μὴ
475 1927 633 1999 μέχρι
671 1931 924 1983 θανάτου
970 1933 1423 1999 προασπίσαιμεν.
1499 1930 1644 1997 <75>
1688 1930 1826 1994 πρὸς

139 2022 310 2068 ταῦτα
339 2016 495 2085 ὑμεῖς
532 2016 654 2086 μέν,
693 2014 735 2070 ὦ
770 2016 1011 2088 Ἀβραάμ
1044 2020 1254 2087 παῖδες,
1293 2018 1532 2086 εὐγενῶς
1561 2014 1699 2086 ὑπὲρ
1731 2023 1825 2084 τῆς

137 2104 418 2172 εὐσεβείας
454 2109 757 2174 τελευτᾶτε,
797 2107 855 2159 οἱ
890 2103 952 2160 δὲ
989 2115 1090 2160 τοῦ
1121 2107 1400 2176 τυράννου
1432 2107 1740 2176 δορυφόροι
1771 2108 1828 2158 τί

137 2190 415 2260 μέλλετε;’
475 2194 620 2262 <76>
677 2196 889 2258 ἰδόντες
945 2191 1048 2249 οὖν
1102 2196 1273 2249 αὐτὸν
1327 2195 1470 2250 οὕτω
1531 2196 1669 2265 πρὸς
1728 2195 1823 2256 τὰς

137 2279 378 2349 ἀνάγκας
408 2287 934 2353 μεγαλοφρονοῦντα
965 2286 1058 2338 καὶ
1088 2281 1228 2353 μηδὲ
1254 2286 1392 2353 πρὸς
1414 2286 1512 2338 τὸν
1536 2285 1822 2352 οἰκτιρμὸν

68 2395 111 2428 25
137 2369 321 2422 αὐτῶν
353 2374 853 2441 μεταβαλλόμενον,
891 2371 981 2425 ἐπὶ
1019 2374 1080 2426 τὸ
1119 2380 1230 2443 πῦρ
1270 2372 1495 2441 ἀνῆγον.
1558 2374 1698 2425 ἔνθα
1730 2372 1820 2424 διὰ

135 2457 481 2528 κακοτέχνων
514 2460 769 2527 ὀργάνων
799 2460 1234 2531 καταφλέγοντες
1265 2462 1436 2515 αὐτὸν
1465 2460 1821 2529 ὑπέρριπτον,

132 2545 225 2599 καὶ
258 2548 526 2611 δυσώδεις
555 2551 758 2618 χυλοὺς
782 2551 859 2612 εἰς
882 2552 1011 2612 τοὺς
1041 2558 1317 2621 μυκτῆρας
1347 2550 1520 2603 αὐτοῦ
1549 2547 1819 2619 κατέχεον.

133 2636 278 2704 <77>
317 2636 346 2689 ὃ
387 2635 449 2690 δὲ
489 2635 647 2707 μέχρι
685 2647 796 2691 τῶν
831 2637 1037 2692 ὀστέων
1076 2640 1182 2708 ἤδη
1221 2637 1692 2707 κατακεκαυμένος
1729 2635 1820 2690 καὶ

131 2723 351 2793 μέλλων
397 2730 758 2796 λιποθυμεῖν,
813 2726 1101 2791 ἀνατείνας
1149 2729 1215 2782 τὰ
1269 2729 1482 2797 ὄμματα
1534 2729 1671 2795 πρὸς
1721 2727 1819 2780 τὸν

66 2835 109 2868 30
133 2814 272 2867 θεὸν
310 2810 426 2868 εἷπε
468 2815 612 2884 <78>
653 2815 750 2869 εσὺ
792 2812 978 2885 οἶσθα,
1015 2816 1140 2886 θεέ,
1187 2817 1270 2870 ὅτι
1308 2819 1487 2886 παρόν
1526 2836 1620 2885 μοι
1659 2817 1818 2880 σώζε-

133 2907 285 2971 σθαι,
324 2904 587 2971 βασάνοις
624 2914 941 2968 καυστικαῖς
978 2905 1316 2975 ἀποθνήσκω
1359 2906 1451 2959 διὰ
1489 2907 1586 2959 τὸν
1626 2908 1818 2975 νόμον.
