2032 3128
205 58 276 110 56
624 59 750 100 ΤΟΤ
779 58 1119 102 ΙΟΥΔΑῙΚΟΤ
1147 59 1457 101 ΠΟΛΕΜΟΥ

201 193 298 255 τὰς
336 193 531 255 οἰκίας·
573 189 747 245 ἔπειθ’
785 191 1041 262 εὑρόντες
1077 187 1179 259 μὲν
1210 191 1284 254 ὡς
1312 190 1730 262 ἀρνησαμένους
1767 190 1883 264 ᾐκί-

205 283 387 346 ζοντο,
443 281 517 348 μὴ
573 280 827 350 εὑρόντες
874 277 923 332 δ’
974 280 1047 342 ὡς
1101 277 1517 350 ἐπιμελέστερον
1570 282 1886 350 κρύψαντας

205 367 542 436 ἐβασάνιζον.
619 367 800 435 <426>
830 370 1128 437 τεκμήριον
1165 364 1230 421 δὲ
1267 376 1368 422 τοῦ
1404 366 1450 421 τ’
1493 370 1642 438 ἔχειν
1677 367 1770 422 καὶ
1809 371 1882 438 μὴ

203 457 270 509 τὰ
316 457 539 525 σώματα
582 464 694 511 τῶν
746 456 994 531 ἀθλίων,
1048 451 1127 508 ὧν
1173 457 1232 509 οὗ
1273 453 1373 525 μὲν
1417 458 1500 510 ἔτι
1548 466 1886 519 συνεστῶτες

205 545 463 613 εὐπορεῖν
501 552 710 614 τροφῆς
749 544 1001 614 ἐδόκουν,
1041 545 1099 598 οἱ
1130 547 1424 613 τηκόμενοι
1463 543 1513 598 δ’
1559 545 1666 614 ἤδη
1703 563 1885 615 παρω-
1930 567 1953 600 5
1984 570 1988 571 ff

207 634 457 702 δεύοντο,
496 632 587 687 καὶ
630 638 866 686 κτείνειν
900 635 1112 701 ἄλογον
1148 631 1330 686 ἐδόιωι
1367 636 1498 696 τοὺς
1534 631 1625 686 ὑπ’
1675 632 1888 696 ἐνδείας

204 720 641 791 τεθνηξομένους
685 722 896 775 αὐτίκα.
972 721 1156 790 <427>
1201 719 1398 775 πολλοὶ
1449 719 1512 775 δὲ
1563 722 1747 792 λάθρα
1794 722 1890 784 τὰς

205 812 420 879 κτήσεις
473 807 597 876 ἑνὸς
649 809 1056 878 ἀντηλλάξαντο
1110 808 1346 881 μέτρου,
1405 819 1599 879 πυρῶν
1653 810 1788 879 μέν,
1842 811 1892 863 εἰ
1984 811 1986 814 ’

204 899 604 968 πλουσιώτεροι
640 899 970 969 τυγχάνοιεν
1009 900 1188 966 ὄντες,
1229 899 1287 951 oc
1322 895 1384 951 δὲ
1421 898 1737 968 πενέστεροι
1773 918 1891 968 κρι-

206 991 333 1054 θῆς·
397 989 581 1039 ἔπειτα
627 991 1038 1050 κατακλείοντες
1087 985 1316 1050 ἑαυτοὺς
1362 988 1440 1049 εἰς
1486 988 1551 1040 τὰ
1591 988 1890 1057 μυχαίτατα
1914 1008 1958 1040 10
2002 1012 2006 1016 -

204 1083 316 1127 τῶν
364 1077 572 1143 οἰκιῶν,
619 1072 764 1137 τινες
799 1072 903 1144 μὲν
940 1073 1034 1128 ὑπ’
1077 1077 1247 1145 ἄκρας
1294 1076 1507 1139 ἐνδείας
1553 1073 1891 1144 ἀνέργαστον

207 1164 307 1216 τὸν
347 1172 502 1217 σῖτον
540 1166 771 1232 ἤσθιον,
823 1166 880 1216 οἳ
917 1161 965 1216 δ’
1014 1166 1237 1217 ἔπεττον
1276 1164 1350 1226 ὡς
1387 1164 1421 1232 ἥ
1460 1160 1504 1216 τ’
1553 1162 1761 1232 ἀνάγκη
1798 1161 1893 1216 καὶ

204 1253 266 1304 τὸ
316 1251 440 1316 δέος
492 1250 741 1323 παρῄνει.
816 1252 1002 1321 <428>
1055 1250 1146 1304 καὶ
1200 1252 1432 1322 τράπεζα
1487 1249 1588 1320 μὲν
1639 1251 1893 1320 οὐδαμοῦ

205 1342 551 1410 παρετίθετο,
591 1349 692 1394 τοῦ
723 1337 786 1393 δὲ
816 1341 991 1410 πυρὸς
1020 1338 1355 1409 ὑφέλκοντες
1386 1337 1457 1393 ἔτ)
1498 1339 1619 1408 ὠμὰ
1650 1340 1715 1392 τὰ
1747 1342 1894 1393 σιτία

208 1429 521 1499 διήρπαζον.
584 1429 764 1497 <429>
804 1428 1012 1498 ἐλεεινὴ
1046 1426 1095 1482 δ’
1134 1424 1205 1497 ἦν
1235 1429 1269 1497 ἡ
1303 1429 1482 1498 τροφὴ
1512 1426 1604 1481 καὶ
1634 1429 1894 1499 δακρύων
1917 1447 1962 1481 15

205 1516 355 1580 ἄξιος
392 1518 426 1586 ἡ
465 1516 599 1586 θέα,
653 1526 763 1570 τῶν
810 1515 911 1586 μὲν
956 1516 1355 1587 δυνατωτέρων
1393 1517 1894 1586 πλεονεκτούντων,
2015 1522 2018 1526 ’

208 1613 319 1658 τῶν
360 1603 410 1658 δ’
451 1605 710 1660 ἀσθενῶν
741 1604 1113 1676 ὀδυρομένων.
1189 1606 1414 1659 πάντων
1453 1602 1554 1675 μὲν
1592 1606 1662 1674 δὴ
1694 1611 1894 1659 παθῶν

205 1693 558 1764 ὑπερίσταται
605 1697 789 1764 λιμός,
841 1692 1009 1748 οὐδὲν
1057 1692 1107 1747 δ’
1143 1695 1318 1757 οὕτως
1356 1693 1662 1747 ἀπόλλυσιν
1701 1694 1774 1757 ὡς
1814 1696 1895 1747 αι’-

207 1783 309 1834 δῶ·
348 1784 409 1837 τὸ
451 1783 555 1852 γὰρ
595 1785 775 1846 ἄλλως
816 1783 1082 1853 ἐντροπῆς
1116 1783 1275 1847 ἄξιον
1315 1782 1375 1836 ἐν
1414 1784 1591 1856 τούτῳ
1621 1802 1896 1852 καταφρο-

205 1880 395 1923 νεῖται.
475 1871 658 1940 <430>
696 1882 954 1940 γυναῖκες
992 1880 1132 1939 γοῦν
1171 1871 1397 1941 ἀνδρῶν
1434 1869 1527 1924 καὶ
1565 1871 1757 1933 παῖδες
1794 1889 1895 1924 πα-
1919 1891 1966 1924 20

206 1957 400 2028 τέρων,
439 1958 531 2012 καὶ
570 1962 632 2014 τὸ
672 1962 1046 2031 οἰκτρότατον,
1086 1959 1313 2031 μητέρες
1350 1962 1566 2028 νηπίων
1597 1958 1896 2028 ἐξήρπαζον
2013 1951 2019 1956 ’

207 2046 262 2112 ἐξ
300 2047 486 2101 αὐτῶν
535 2058 646 2102 τῶν
692 2049 982 2118 στομάτων
1020 2050 1116 2112 τὰς
1153 2048 1388 2118 τροφάς,
1427 2047 1518 2102 καὶ
1557 2057 1668 2101 τῶν
1707 2047 1898 2117 φιλτά-

100 2160 116 2174 x
207 2155 318 2188 των
363 2135 425 2191 ἐν
472 2135 627 2206 χερσὶ
674 2137 1099 2206 μαραινομένων
1146 2136 1248 2191 οὐκ
1292 2132 1364 2206 ἧν
1415 2138 1589 2206 φειδὼ
1628 2138 1760 2199 τοὺς
1796 2145 1891 2190 τοῦ

208 2227 304 2293 ζῆν
349 2223 658 2294 ἀφελέσθαι
707 2227 1065 2295 σταλαγμούς.
1142 2225 1324 2295 <431>
1370 2232 1596 2279 τοιαῦτα
1643 2222 1693 2278 δ’
1746 2225 1898 2278 ἐσθί-

206 2331 362 2376 οντες
412 2313 558 2382 ὅμως
609 2314 678 2367 οὐ
725 2315 1126 2383 διελάνθανον,
1180 2321 1464 2384 πανταχοῦ
1503 2313 1553 2367 δ’
1603 2313 1897 2384 ἐφίσταντο
1922 2334 1965 2367 25
2007 2302 2010 2310 ζ

206 2402 265 2454 οἱ
301 2400 618 2456 στασιασταὶ
664 2401 755 2456 καὶ
803 2404 1016 2457 τούτων
1060 2412 1180 2466 ταῖς
1231 2402 1514 2473 ἁρπαγαῖς.
1592 2403 1754 2456 ὁπότε
1792 2403 1898 2470 γὰρ
1990 2475 1992 2477 V

206 2491 487 2544 κατίδοιεν
525 2490 1025 2560 ἀποκεκλεισμένην
1074 2493 1283 2560 οἰκίαν,
1335 2491 1519 2561 <432>
1560 2500 1789 2559 σημεῖον
1828 2487 1899 2559 ἦν

205 2587 369 2632 τοῦτο
420 2581 552 2642 τοὺς
602 2581 770 2633 ἔνδον
815 2578 1234 2650 προσφέρεσθαι
1278 2582 1523 2649 τροφήν·
1583 2577 1797 2642 εὐθέως
1843 2575 1895 2632 δ’

206 2665 563 2737 ἐξαράξαντες
608 2668 703 2731 τὰς
747 2669 929 2737 θύρας
975 2670 1307 2738 εἰσεπήδων,
1353 2666 1445 2721 καὶ
1484 2669 1660 2737 μόνον
1700 2667 1803 2721 οὐκ
1842 2667 1901 2720 ἐκ

204 2765 315 2808 τῶν
370 2757 676 2825 φαρύγγων
730 2756 1132 2826 ἀναθλίβοντες
1184 2757 1282 2819 τὰς
1326 2755 1565 2819 ἀκόλους
1611 2755 1899 2826 ἀνέφερον.
1925 2777 1970 2810 so

203 2843 388 2914 <433>
429 2844 727 2899 ἐτύπτοντο
769 2842 830 2898 δὲ
870 2844 1124 2916 γέροντες
1162 2844 1517 2915 ἀντεχόμενοι
1549 2853 1661 2898 τῶν
1693 2848 1901 2912 σιτίων,
1991 2843 1994 2846 ’
