2032 3128
0 118 1 197 ἢ
25 88 36 93 ”
706 111 916 162 ΛΟΓΟΣ
947 111 1264 153 ΔΕΥΤΕΡΟΣ
1714 109 1822 160 249

153 255 263 300 τῶν
293 248 582 313 προγόνων
615 244 785 298 αὐτοῦ
817 244 1210 314 [Μακεδόνων]
1250 247 1493 313 βασιλεῖς
1523 245 1826 297 οἰκειότατα

153 335 288 402 πρὸς
326 333 466 402 ἡμᾶς
502 332 859 395 διατεθέντες.
928 331 1018 385 καὶ
1058 334 1161 400 γὰρ
1195 333 1224 386 ὁ
1255 335 1436 399 τρίτος
1466 336 1828 401 Πτολεμαῖος,

155 423 183 475 ὁ
224 424 516 489 λεγόμενος
553 420 882 490 Εὐεργέτης,
926 421 1212 490 κατασχὼν
1256 421 1391 489 ὅλην
1431 423 1648 489 Συρίαν
1693 421 1828 472 κατὰ

152 510 349 578 κράτος
381 509 447 562 οὐ
478 518 590 571 τοῖς
623 508 682 561 ἐν
714 510 976 579 Αἰγύπτῳ
1007 514 1163 571 θεοῖς
1196 510 1519 578 χαριστήρια
1551 516 1644 577 τῆς
1674 512 1830 577 νίκης

109 620 130 652 5
153 599 372 664 ἔθυσεν,
419 596 558 649 ἀλλά
602 599 1046 667 παραγενόμενος
1092 599 1169 659 εἰς
1207 595 1562 666 Ἱεροσόλυμα
1607 597 1832 664 πολλάς,

153 685 226 747 ὡς
262 685 395 754 ἡμῖν
427 688 663 755 νόμιμόν
696 685 864 753 ἐστιν,
904 683 1178 738 ἐπετέλεσε
1212 689 1415 748 θυσίας
1452 692 1526 757 τῷ
1566 691 1702 757 θεῷ,
1739 683 1831 738 καὶ

154 772 428 843 ἀνέθηκεν
459 773 787 843 ἀναθήματα
818 782 911 843 τῆς
940 777 1095 841 νίκης
1127 774 1266 838 ἄξια.
1328 774 1472 842 <49>
1505 774 1533 827 ὁ
1567 771 1628 826 δὲ
1663 778 1831 827 Φιλο-

154 865 337 932 μήτωρ
379 863 720 931 Πτολεμαῖος
765 861 856 915 καὶ
902 863 934 930 ἡ
975 863 1115 931 γυνὴ
1156 863 1328 915 αὐτοῦ
1368 862 1693 931 Κλεοπάτρα
1732 864 1832 930 τὴν

154 954 438 1020 βασιλείαν
477 951 612 1019 ὅλην
651 951 750 1018 τὴν
786 949 996 1003 ἑαυτῶν
1027 947 1320 1013 Ἰουδαίοις
1359 949 1703 1017 ἐπίστευσαν,
1741 948 1833 1002 καὶ

86 1062 128 1094 10
155 1035 447 1107 στρατηγοὶ
486 1039 662 1108 πάσης
691 1047 786 1107 τῆς
817 1039 1102 1108 δυνάμεως
1140 1035 1282 1107 ἦσαν
1314 1037 1492 1101 Ὀνίας
1527 1037 1619 1091 καὶ
1650 1042 1834 1091 Δωσί-

152 1133 285 1190 θεος
325 1125 603 1195 Ἰουδαῖοι,
651 1122 728 1179 ὧν
763 1125 965 1180 Ἀπίων
1005 1128 1238 1180 σκώπτει
1278 1128 1342 1180 τὰ
1390 1128 1657 1196 ὀνόματα,
1705 1125 1834 1179 δεόν

152 1216 217 1268 τὰ
279 1217 412 1284 ἔργα
473 1215 794 1284 θαυμάζειν,
856 1214 946 1268 καὶ
1009 1217 1080 1284 μὴ
1143 1217 1422 1284 λοιδορεῖν
1476 1214 1614 1268 ἀλλά
1674 1216 1835 1285 χάριν

154 1303 340 1366 αὐτοῖς
379 1305 523 1373 ἔχειν
556 1303 639 1356 ὅτι
679 1305 1014 1356 διεσώσαντο
1053 1305 1154 1372 τὴν
1189 1299 1620 1372 Ἀλεξάνδρειαν,
1659 1299 1723 1371 ἧς
1762 1304 1837 1365 ὡς

152 1396 378 1460 πολίτης
431 1392 814 1445 ἀντιποιεῖται·
872 1392 1016 1461 <50>
1062 1393 1455 1460 πολεμούντων
1500 1393 1606 1460 γὰρ
1654 1392 1837 1444 αὐτῶν

86 1505 129 1537 15
152 1487 215 1549 τῇ
248 1483 538 1551 βασιλίσσῃ
574 1481 898 1551 Κλεοπάτρᾳ
929 1479 1020 1534 καὶ
1050 1483 1497 1534 κινδυνευόντων
1530 1479 1837 1533 ἀπολέσθαι

151 1578 354 1638 κακῶς,
401 1565 554 1622 οὗτοι
603 1570 900 1639 συμβάσεις
947 1569 1211 1636 ἐποιήσαν
1257 1567 1348 1622 καὶ
1393 1579 1505 1622 τῶν
1554 1569 1838 1638 ἐμφυλίων

152 1666 335 1710 κακῶν
383 1657 718 1726 ἀπήλλαξαν.
801 1657 940 1711 ἀλλὰ
993 1659 1125 1726 μετά
1176 1666 1368 1727 ταῦτα,
1421 1660 1612 1727 φησίν,
1660 1656 1838 1720 Ὀνίας

154 1744 242 1798 ἐπὶ
280 1747 381 1814 τὴν
416 1748 580 1799 πόλιν
610 1748 781 1814 ἤγαγε
821 1749 1055 1815 στρατὸν
1087 1744 1238 1818 (οὐκ)
1280 1747 1487 1814 ὀλίγον,
1529 1748 1688 1810 ὄντος
1728 1746 1843 1799 ἐκεῖ

156 1833 376 1904 Θέρμου
415 1844 516 1888 τοῦ
553 1836 700 1904 παρὰ
733 1833 1011 1904 Ῥωμαίων
1042 1838 1384 1905 πρεσβευτοῦ
1421 1833 1512 1887 καὶ
1550 1837 1838 1904 παρόντος.

11 1938 15 1940 ’
85 1948 127 1979 20
152 1922 296 1992 <51>
343 1922 529 1992 ὀρθῶς
576 1920 636 1976 δὲ
681 1933 876 1991 ποιῶν,
923 1926 1095 1992 φαίην
1135 1924 1220 1989 ἄν,
1269 1922 1360 1976 καὶ
1406 1924 1550 1993 μάλα
1598 1925 1836 1986 δικαίως.

154 2011 182 2064 ὁ
230 2012 333 2081 γὰρ
377 2012 617 2064 Φύσκων
665 2010 981 2079 ἐπικληθεὶς
1027 2016 1398 2080 Πτολεμαῖος,
1453 2012 1838 2074 ἀποθανόντος

153 2100 300 2171 αὐτῷ
362 2099 641 2170 τάδελφοῦ
696 2104 1046 2168 Πτολεμαίου
1107 2108 1206 2154 τοῦ
1264 2101 1668 2170 Φιλομήτορος,
1732 2099 1837 2153 ἀπὸ

154 2191 415 2257 Κυρήνης
454 2187 650 2257 ἐξῆλθε
684 2189 1042 2259 Κλεοπάτραν
1079 2187 1330 2258 ἐκβαλεῖν
1368 2191 1708 2258 βουλόμενος
1746 2195 1841 2257 τῆς

153 2280 431 2346 βασιλείας
462 2268 518 2329 et
548 2277 691 2330 filios
722 2278 882 2347 regiS‚
913 2281 974 2330 ut
1003 2277 1120 2346 ipse
1142 2294 1369 2347 regnum
1398 2277 1598 2346 injuste
1624 2277 1840 2329 sibimet

88 2388 130 2421 25
155 2366 473 2435 applicaret3
530 2366 677 2435 <52>
731 2370 951 2434 propter
1003 2366 1134 2418 haee
1187 2383 1313 2436 ergo
1367 2365 1531 2419 Omas
1588 2365 1840 2418 adversus

155 2472 275 2507 eum
321 2454 523 2506 bellum
577 2473 675 2523 pro
724 2453 1010 2524 Cleopatra
1063 2455 1321 2526 suscepit,
1373 2458 1426 2507 et
1472 2454 1631 2507 fidem
1679 2473 1839 2523 quam

152 2542 345 2595 habuit
384 2544 522 2596 eirea
558 2561 727 2613 regeS‚
763 2561 1101 2612 nequaquam
1139 2544 1197 2596 111
1233 2544 1551 2596 necessitate
1590 2543 1838 2595 deseruit.

153 2631 310 2683 testis
357 2635 537 2684 autem
582 2632 710 2684 deus
759 2632 1003 2700 justitiae
1050 2632 1162 2700 ejus
1209 2631 1526 2683 manifestus
1575 2631 1836 2700 apparuit.

136 2720 299 2788 (53)
342 2738 468 2772 nam
504 2720 754 2789 Physcon
791 2719 1128 2773 Ptolemaeus
1170 2739 1336 2789 quum
1379 2719 1658 2772 adversum
1697 2738 1839 2772 exer-

87 2832 130 2864 30
155 2809 323 2861 eitum
356 2810 570 2878 quidem
602 2808 769 2862 Oniae
803 2826 1042 2879 pugnare
1080 2811 1459 2879 praesumeret,
1498 2826 1680 2861 omnes
1713 2826 1837 2861 vero

155 2897 389 2951 Judaeos
449 2898 509 2951 in
563 2898 778 2951 civitate
839 2898 1048 2966 positos
1110 2916 1230 2950 oum
1292 2897 1418 2949 filiis
1474 2900 1527 2950 et
1579 2897 1839 2950 uxoribus
