2032 3128
719 103 928 145 ΛΟΓΟΣ
960 103 1160 144 ΕΚΤΟΣ
1660 100 1760 151 111

91 232 152 287 δὲ
198 233 400 304 ταχέως
445 237 742 303 ἄνθρωπος
786 234 846 288 ἐν
892 245 1215 305 συμφοραῖς.
1292 236 1423 288 ὅταν
1469 232 1531 288 δὲ
1570 236 1638 304 δὴ
1678 233 1768 288 καὶ

90 333 199 376 τῶν
247 325 588 392 κατεχόντων
636 324 836 376 δεινῶν
882 322 1203 390 ἀπαλλαγὴν
1242 323 1271 377 ὁ
1317 323 1596 387 ἐξαπατῶν
1634 323 1767 375 ὑπο-

91 411 302 481 γράφῃ,
339 408 461 464 τόθ’
502 411 531 464 ὁ
570 411 796 480 πάσχων
835 411 962 474 ὅλος
999 414 1244 479 γίγνεται
1282 418 1378 480 τῆς
1416 411 1649 474 ἐλπίδος.

199 499 380 566 <288>
424 501 522 551 τὸν
569 507 707 566 γοῦν
754 500 957 552 ἄθλιον
1004 501 1180 568 δῆμον
1228 500 1286 552 oc
1326 496 1426 567 μὲν
1464 498 1769 561 ἀπατεῶνες

44 609 64 641 5
89 585 178 639 καὶ
225 588 696 654 καταψευδόμενοι
741 594 841 639 τοῦ
886 592 1025 639 θεοῦ
1073 594 1368 655 τηνικαῦτα
1410 586 1770 656 παρέπειθον,

89 684 203 736 τοῖς
258 672 306 726 δ’
359 674 610 743 ἐναργέσι
665 672 755 727 καὶ
808 676 1250 744 προσημαίνουσι
1303 675 1405 742 τὴν
1459 674 1769 742 μέλλουσαν

90 761 319 831 ἐρημίαν
357 761 579 831 τέρασιν
627 763 754 816 οὔτε
793 772 1089 832 προσεῖχον
1129 761 1242 815 οὔτ’
1284 762 1594 830 ἐπίστευον,
1644 759 1762 815 ἀλλ’

89 851 162 912 ὡς
193 849 689 920 ἐμβεβροντημένοι
721 850 809 903 καὶ
843 849 968 919 μήτ’
1004 852 1216 919 ὄμματα
1247 853 1379 918 μήτε
1402 851 1587 920 ψυχὴν
1618 852 1770 920 ἕχον-

88 958 176 1000 τες
226 946 337 991 τῶν
385 946 485 991 τοῦ
534 943 676 991 θεοῦ
730 939 1093 1007 κηρυγμάτων
1143 940 1527 1007 παρήκουσαν,
1587 938 1769 1006 <289>

23 1050 66 1082 10
88 1034 251 1079 τοῦτο
273 1023 390 1094 ἴμεν
439 1024 525 1078 ὅθ’
567 1023 705 1094 ὑπὲρ
751 1028 851 1095 τὴν
897 1030 1061 1080 πόλιν
1108 1027 1312 1098 ἄστρον
1356 1029 1483 1094 ἔστη
1525 1025 1772 1096 ῥομφαίᾳ

87 1114 470 1182 παραπλήσιον
531 1112 621 1166 καὶ
681 1118 1011 1183 παρατείνας
1072 1113 1153 1167 ἐπ’
1209 1114 1466 1168 ἐνιαυτὸν
1518 1116 1771 1182 κομήτης,

86 1202 269 1270 <29Ο>
307 1210 469 1254 τοῦτο
525 1200 575 1254 δ’
624 1203 786 1271 ἡνίκα
835 1205 942 1273 πρὸ
993 1211 1086 1270 τῆς
1133 1203 1481 1265 ἀποστάσεως
1526 1201 1618 1255 καὶ
1671 1209 1772 1254 τοῦ

85 1292 225 1357 πρὸς
262 1291 359 1343 τὸν
404 1293 647 1359 πόλεμον
686 1294 1006 1360 κινήματος,
1054 1290 1457 1360 ἀθροιζομένου
1496 1299 1595 1343 τοῦ
1634 1294 1771 1344 λαοῦ

85 1380 223 1446 πρὸς
261 1379 362 1447 τὴν
400 1387 511 1431 τῶν
551 1378 772 1448 ἀζύμων
812 1378 1008 1449 ἑορτήν
1048 1377 1244 1450 (ὀγδόη
1286 1377 1339 1432 δ’
1374 1374 1445 1447 ἧν
1486 1378 1772 1440 Ξανθικοῦ

21 1491 62 1523 15
88 1469 304 1535 μηνός),
354 1467 488 1519 κατὰ
535 1469 733 1530 νυκτὸς
783 1467 982 1535 ἐνάτην
1031 1467 1207 1536 ὥραν,
1257 1474 1487 1520 τοσοῦτο
1526 1477 1643 1536 φῶς
1680 1485 1773 1519 πε-

88 1553 352 1623 ριέλαμψε
398 1556 496 1608 τὸν
542 1556 734 1623 βωμὸν
773 1553 862 1608 καὶ
909 1557 1007 1609 τὸν
1046 1557 1185 1609 ναὸν
1225 1556 1299 1618 ὡς
1339 1557 1525 1609 δοκεῖν
1563 1554 1772 1625 ἡμέραν

88 1639 229 1695 εἶναι
283 1643 569 1711 λαμπράν,
630 1643 721 1697 καὶ
774 1652 938 1698 τοῦτο
991 1643 1313 1714 παρέτεινεν
1371 1642 1462 1712 ἐφ’
1518 1644 1774 1714 ἡμίσειαν

88 1732 261 1798 ὥραν·
316 1733 495 1801 <291>
535 1732 564 1785 ὃ
604 1742 718 1796 τοῖς
757 1730 858 1802 μὲν
890 1732 1135 1801 ἀπείροις
1173 1732 1391 1800 ἀγαθὸν
1426 1732 1622 1800 ἐδόκει,
1660 1741 1774 1795 τοῖς

87 1819 132 1872 δ’
189 1821 682 1891 ἱερογραμματεῦσι
731 1823 868 1891 πρὸς
919 1830 1031 1874 τῶν
1087 1820 1510 1890 ἀποβεβηκότων
1564 1820 1776 1884 εὐθέως

3 1930 59 1961 «20
86 1907 297 1978 ἐκρίθη.
376 1910 559 1979 <292>
599 1908 690 1962 καὶ
728 1910 864 1962 κατὰ
910 1911 1011 1978 τὴν
1051 1909 1224 1978 αὐτὴν
1265 1907 1462 1980 ἑορτὴν
1500 1913 1636 1978 βοῦς
1674 1907 1775 1978 μὲν

86 1998 318 2068 ἀχθεῖσα
355 1997 464 2050 ὑπό
503 2017 601 2051 του
640 2001 778 2067 πρὸς
808 2002 1016 2051 θυσίαν
1051 2000 1231 2051 ἔτεκεν
1270 1999 1411 2067 ἄρνα
1443 1997 1504 2050 ἐν
1535 2005 1610 2070 τῷ
1646 1999 1774 2070 ίερςό

83 2085 252 2159 μέσῳ,
291 2086 474 2155 <293>
513 2086 547 2154 ἡ
586 2084 634 2139 δ’
675 2086 972 2155 ἀνατολικὴ
1003 2088 1147 2155 πύλη
1180 2094 1280 2140 τοῦ
1312 2085 1583 2157 ἐνδοτέρω
1616 2093 1775 2154 ναοῦ,

82 2179 254 2244 χαλκῆ
303 2172 404 2243 μὲν
444 2171 585 2228 οὖσα
624 2174 715 2228 καὶ
764 2176 1164 2245 στιβαρωτάτη,
1210 2173 1499 2244 κλειομένη
1549 2172 1610 2227 δὲ
1649 2173 1775 2241 περὶ

85 2264 274 2331 δείλην
314 2266 471 2332 μόλις
509 2259 604 2316 ὑπ’
641 2263 864 2334 ἀνδρῶν
902 2270 1103 2333 εἴκοσι,
1141 2261 1232 2316 καὶ
1265 2267 1490 2332 μοχλοῖς
1522 2260 1623 2332 μὲν
1658 2263 1777 2315 ἐπε-

15 2371 58 2404 25
85 2351 377 2421 ρειδομένη
419 2351 813 2421 σιδηροδέτοις,
852 2359 1164 2421 καταπῆγας
1204 2350 1254 2405 δ’
1293 2355 1494 2422 ἔχουσα
1531 2352 1777 2421 βαθυτά-

82 2459 211 2503 τους
248 2442 327 2503 είς
364 2441 462 2494 τὸν
495 2441 668 2494 οὐδὸν
701 2443 833 2494 ὄντα
866 2443 1156 2510 διηνεκοῦς
1187 2443 1357 2494 λίθου
1390 2438 1777 2508 καθιεμένους,

84 2529 250 2597 ὤφθη
290 2530 427 2582 κατὰ
466 2532 664 2592 νυκτὸς
704 2531 854 2600 ὥραν
887 2530 1049 2598 ἕκτην
1081 2530 1399 2598 αὐτομάτως
1430 2526 1778 2601 ἀνεῳγμένη·

83 2618 385 2685 δραμόντες
425 2613 475 2671 δ’
513 2619 572 2672 οὗ
606 2627 707 2672 τοῦ
748 2620 900 2688 ἱεροῦ
939 2619 1178 2688 φύλακες
1211 2619 1475 2686 ἤγγειλαν
1506 2624 1580 2687 τῷ
1616 2630 1776 2684 στρα-

79 2711 259 2776 τηγῷ,
320 2706 520 2776 <294>
574 2706 826 2770 κάκεῖνος
880 2706 1088 2776 ἀναβὰς
1144 2708 1301 2775 μόλις
1356 2706 1530 2773 αὐτὴν
1586 2710 1776 2773 ἴσχυσε

14 2813 59 2845 30
82 2782 310 2847 κλεῖσαι.
387 2794 587 2865 <295>
633 2796 800 2849 πάλιν
849 2803 1012 2849 τοῦτο
1059 2804 1175 2858 τοῖς
1213 2792 1314 2864 μὲν
1352 2792 1609 2866 ξίδιώταις
1647 2793 1777 2845 κάλ-

79 2886 271 2936 λιστον
311 2883 491 2937 ἐδόκει
529 2883 708 2954 τέρας·
750 2883 964 2948 ἀνοῖξαι
1004 2885 1108 2955 γὰρ
1147 2885 1246 2937 τὸν
1282 2885 1422 2937 θεὸν
1454 2882 1642 2944 αὐτοῖς
1673 2883 1776 2950 τὴν
