2032 3128
692 115 903 156 ΛΟΓΟΣ
935 115 1235 156 ΠΕΜΠΤΟΣ
1718 111 1789 163 63

113 245 404 314 ἑλεπόλεις,
442 255 552 299 τῶν
591 243 729 317 ὑπὲρ
769 246 936 310 αὐτὰς
974 245 1189 317 γέρρων
1224 245 1598 316 φλεγομένων,
1639 247 1697 299 οί
1732 244 1792 299 δὲ

103 331 365 388 Ἰουδαῖοι
402 332 493 386 καὶ
526 334 618 386 διὰ
648 341 744 402 τῆς
781 336 991 403 φλογὸς
1030 333 1527 403 ἀντελαμβάνοντο,
1564 332 1655 386 καὶ
1693 341 1794 387 τοῦ

112 424 345 492 σιδήρου
380 421 593 487 ζέοντος
626 423 983 493 δραττόμενοι
1018 425 1148 485 τοὺς
1185 426 1374 492 κριοὺς
1405 423 1472 477 οὐ
1511 425 1794 491 μεθίεσαν.

111 510 352 579 διέβαινε
401 507 450 563 δ’
490 509 596 564 ἀπὸ
643 512 855 563 τούτων
901 508 988 563 ἐπὶ
1033 511 1100 562 τὰ
1145 511 1367 580 χώματα
1413 512 1474 563 τὸ
1520 517 1658 580 πῦρ,
1703 508 1796 563 καὶ

66 623 86 654 5
109 601 238 661 τοὺς
275 598 586 667 ἀμύνοντας
623 599 1063 668 προυλάμβανεν.
1127 598 1309 668 <480>
1348 598 1409 651 ἐν
1447 599 1624 668 τούτῳ
1666 596 1714 651 δ’
1743 599 1802 652 οἰ

110 684 212 756 μὲν
243 685 496 755 Ῥωμαῖοι
534 688 902 756 κυκλούμενοι
940 694 1004 756 τῇ
1045 685 1215 755 φλογὶ
1253 685 1344 739 καὶ
1382 687 1484 754 τὴν
1520 689 1795 756 σωτηρίαν

108 784 219 827 τῶν
258 776 436 844 ἔργων
475 774 811 843 ἀπογνόντες
849 775 1173 845 ἀνεχώρουν
1205 773 1292 828 ἐπὶ
1332 775 1397 827 τὰ
1437 775 1795 843 στρατόπεδα,

110 863 291 932 <481>
323 858 586 915 Ἰουδαῖοι
626 860 687 915 δὲ
725 862 1080 932 προσέκειντο
1111 865 1336 925 πλειόυς
1366 861 1452 915 ἀεὶ
1492 864 1796 931 γινόμενοι,

107 961 219 1005 τῶν
250 951 487 1004 ἔνδοθεν
522 953 1056 1020 προσβοηθούντων,
1094 949 1185 1003 καὶ
1223 958 1298 1023 τῷ
1337 959 1561 1021 κρατεῖν
1598 955 1796 1019 τεθαρ-

42 1066 85 1096 10
109 1041 334 1109 ρηκότες
372 1038 717 1107 ἀταμιεύτοις
756 1038 996 1110 ἐχρῶντο
1028 1049 1147 1102 ταῖς
1178 1040 1387 1109 ὁρμαῖς,
1426 1040 1798 1110 προελθόντες

108 1125 170 1180 δὲ
208 1126 366 1197 μέχρι
406 1136 517 1179 τῶν
550 1126 838 1198 ἐρυμάτων
875 1129 982 1196 ἤδη
1026 1126 1428 1181 συνεπλέκοντο
1466 1137 1583 1190 τοῖς
1622 1146 1797 1198 φρου-

108 1225 239 1285 ροῖς.
308 1215 491 1284 <482>
529 1215 678 1280 τάξις
719 1214 768 1268 δ’
800 1215 951 1269 ἐστὶν
989 1215 1049 1269 ἐκ
1088 1218 1349 1286 διαδοχῆς
1390 1215 1649 1285 ἱσταμένη
1689 1217 1795 1284 πρὸ

107 1313 206 1358 τοῦ
240 1303 633 1374 στρατοπέδου,
673 1304 762 1358 καὶ
797 1306 980 1368 δεινὸς
1012 1304 1095 1358 ἐπ’
1128 1305 1266 1375 αὐτῇ
1298 1303 1577 1374 Ῥωμαίων
1608 1306 1796 1373 νόμος,

105 1395 204 1446 τὸν
227 1393 662 1463 ὑποχωρήσαντα
693 1391 821 1447 καθ’
851 1394 922 1463 ἣν
955 1392 1144 1462 δήποτ’
1172 1390 1276 1448 οὖν
1301 1395 1482 1446 αἰτίαν
1512 1394 1797 1460 θνήσκειν.

39 1505 80 1537 15
107 1482 288 1551 (483)
327 1477 482 1535 οὗτοι
512 1490 614 1536 τοῦ
643 1483 778 1551 μετὰ
814 1483 1092 1546 κολάσεως
1122 1485 1221 1536 τὸν
1252 1480 1366 1551 μετ’
1397 1481 1591 1551 ἀρετῆς
1621 1479 1797 1533 θάνα-

105 1590 204 1624 τον
234 1573 631 1641 προκρίναντες
662 1572 927 1639 ἵστανται,
963 1570 1053 1624 καὶ
1085 1573 1223 1641 πρὸς
1252 1572 1354 1639 τὴν
1385 1570 1598 1623 τούτων
1630 1568 1797 1636 ἀνάγ-

104 1679 210 1728 κην
246 1656 444 1712 πολλοὶ
490 1668 601 1711 τῶν
640 1657 959 1730 τραπέντων
1001 1658 1419 1730 ἐπεστράφησαν
1458 1658 1798 1726 αἰδούμενοι.

106 1747 293 1818 <484>
333 1745 622 1810 διαθέντες
665 1745 727 1801 δὲ
773 1746 866 1801 καὶ
911 1751 1040 1811 τοὺς
1087 1747 1365 1817 ὀξυβελεῖς
1411 1745 1499 1800 ἐπὶ
1544 1753 1645 1799 τοῦ
1691 1747 1797 1798 τεί-

104 1857 236 1906 χους
267 1832 456 1905 εἶργον
487 1838 549 1890 τὸ
581 1839 1062 1906 προσγιγνόμενον
1092 1841 1307 1906 πλῆθος
1340 1835 1398 1889 ἐκ
1437 1842 1532 1904 τῆς
1568 1837 1796 1902 πόλεως,

11 1945 80 1981 ‘20
106 1921 273 1978 οὐδὲν
320 1926 398 1987 εἰς
452 1923 761 1995 ἀσφάλειαν
806 1925 840 1994 ἢ
887 1927 1143 1995 φυλακὴν
1188 1934 1301 1979 τῶν
1349 1924 1618 1993 σωμάτων
1664 1940 1797 1992 προ-

103 2012 469 2082 νοουμένους·
517 2013 921 2069 συνεπλέκοντο
954 2016 1059 2085 γὰρ
1093 2015 1152 2068 οἰ
1191 2012 1452 2067 Ἰουδαῖοι
1482 2021 1598 2075 τοῖς
1628 2025 1798 2079 προσ-

103 2110 362 2171 τυχοῦσι,
424 2100 516 2155 καὶ
583 2113 702 2166 ταῖς
771 2106 989 2174 αἰχμαῖς
1051 2103 1377 2173 ἀφυλάκτως
1442 2101 1799 2170 ἐμπίπτοντες

103 2191 292 2254 αὐτοῖς
330 2200 446 2253 τοῖς
485 2193 699 2261 σώμασι
738 2195 868 2256 τοὺς
906 2192 1145 2263 ἐχθροὺς
1183 2195 1392 2245 ἔπαιον.
1456 2188 1639 2259 <485>
1671 2188 1797 2242 οὔτε

104 2277 153 2332 δ’
194 2282 377 2350 ἔργοις
431 2278 590 2333 αὐτοὶ
643 2280 814 2335 πλέον
861 2281 895 2350 ἢ
949 2290 1024 2354 τῷ
1079 2287 1317 2352 θαρρεῖν
1366 2286 1653 2350 περιῆσαν,
1706 2275 1797 2330 καὶ

37 2391 80 2424 25
96 2365 353 2438 Ῥωμαῖοι
391 2375 457 2438 τῇ
496 2371 669 2441 τόλμῃ
708 2369 879 2424 πλέον
910 2366 1063 2424 εἶκον
1102 2369 1135 2438 ἢ
1175 2377 1250 2442 τῷ
1289 2373 1618 2422 κακοῦσθαι.

216 2457 399 2527 <486>
436 2465 619 2528 παρῆν
659 2453 708 2511 δ’
739 2460 845 2527 ἤδη
888 2459 917 2512 ὁ
950 2462 1167 2528 Καῖσαρ
1210 2458 1316 2512 ἀπὸ
1355 2464 1452 2526 τῆς
1483 2454 1797 2521 Ἀντωνίας,

103 2545 244 2599 ὅπου
275 2547 575 2616 κεχώριστο
607 2549 1110 2616 κατασκεπτόμενος
1139 2550 1310 2601 τόπον
1343 2548 1532 2607 ἄλλοις
1563 2545 1795 2614 χώμασι·

100 2632 193 2686 καὶ
246 2635 425 2687 πολλὰ
471 2638 601 2698 τοὺς
649 2637 982 2706 στρατιώτας
1026 2639 1328 2705 φαυλίσας,
1375 2636 1425 2688 εἰ
1467 2641 1799 2703 κρατοῦντες

100 2731 212 2780 τῶν
266 2726 546 2792 πολεμίων
592 2734 790 2795 τειχῶν
842 2726 1238 2778 κινδυνεύουσι
1291 2732 1408 2787 τοῖς
1462 2725 1653 2791 ἰδίοις,
1706 2719 1798 2774 καὶ

33 2833 78 2866 80
101 2810 592 2881 πολιορκουμένων
636 2812 1015 2883 ὑπομένουσιν
1063 2812 1222 2867 αὐτοὶ
1268 2814 1459 2882 τύχην,
1511 2812 1692 2880 ὥσπερ
1740 2809 1799 2862 ἐκ

102 2901 483 2973 δεσμωτηρίου
531 2901 666 2955 καθ’
702 2902 887 2956 αὑτῶν
927 2901 1234 2966 Ἰουδαίους
1285 2900 1531 2971 ἀνέντες,
1583 2896 1799 2970 περιῄει
