2032 3128
667 135 876 176 ΛΟΓΟΣ
908 135 1224 177 ΔΕΥΤΕΡΟΣ
1676 133 1783 185 283

109 269 373 334 σείονται,
413 264 550 336 μέγα
588 286 639 319 τι
679 269 954 336 λήψεσθαι
991 270 1162 321 κακὸν
1201 267 1298 320 ὑπ’
1327 268 1510 321 αὐτῶν
1549 270 1786 337 προσδο-

17 396 20 414 ,
107 366 324 423 κῶντες,
363 357 414 407 εἰ
450 355 522 423 μὴ
562 357 770 423 μισθὸν
809 355 995 418 αὐτοῖς
1031 356 1379 425 παράσχοιεν.

105 531 195 584 καὶ
233 530 358 600 περὶ
395 533 456 584 τὸ
495 537 657 585 θεῖον
696 534 1087 600 πλημμελείας;
1129 531 1234 599 ἐγὼ
1275 529 1376 600 μὲν
1413 532 1785 600 ὑπολαμβάνω

59 646 81 679 5
105 623 165 674 τὸ
205 623 335 688 μήτε
375 621 477 688 τὴν
517 620 698 688 ἀληθῆ
737 627 837 674 τοῦ
874 625 1015 673 θεοῦ
1047 621 1218 688 φύσιν
1252 619 1304 683 ἐξ
1339 619 1507 690 ἀρχῆς
1538 621 1788 672 συνιδεῖν

105 709 286 761 αὐτῶν
325 711 454 771 τοὺς
499 707 830 777 νομοθέτας,
877 707 1010 776 μήθ’
1048 709 1182 762 ὅσον
1221 707 1312 761 καὶ
1351 711 1541 776 λαβεῖν
1581 708 1786 776 ἠδυνή-

103 803 287 866 θησαν
327 796 524 865 ἀκριβῆ
565 807 773 864 γνῶσιν
814 798 1191 863 διορίσαντας,
1235 799 1373 866 πρὸς
1420 803 1582 850 τοῦτο
1629 799 1785 864 ποιή-

105 891 308 939 σασθαι
340 886 440 952 τὴν
471 886 645 953 ἄλλην
676 884 829 948 τάξιν
861 893 962 938 τοῦ
992 886 1408 953 πολιτεύματος,
1446 883 1628 952 <251>
1659 880 1780 936 ἀλλ’

103 975 284 1041 ὥσπερ
317 974 452 1026 ἄλλο
484 994 535 1025 τι
570 981 680 1026 τῶν
712 973 1075 1042 φαυλοτάτων
1107 972 1315 1041 ἐφῆκαν
1347 982 1460 1035 τοῖς
1498 971 1599 1040 μὲν
1630 989 1787 1039 ποιη-

35 1087 79 1118 ιο
101 1071 243 1129 ταῖς,
297 1061 554 1124 οὕστινας
608 1061 677 1114 ἂν
726 1063 1039 1130 βούλωνται
1093 1064 1263 1124 θεοὺς
1317 1061 1557 1128 εἰσάγειν
1609 1061 1787 1113 πάντα

99 1150 433 1219 πάσχοντας,
480 1160 595 1212 τοῖς
633 1147 694 1202 δὲ
734 1150 988 1220 ῥήτορσι,
1033 1154 1464 1219 πολιτογραφεῖν
1502 1150 1639 1202 κατὰ
1683 1150 1786 1216 ψή-

99 1253 276 1307 φισμα
322 1248 432 1291 τῶν
482 1237 653 1300 ξένων
698 1243 850 1290 θεῶν
889 1240 986 1291 τὸν
1028 1238 1354 1307 ἐπιτήδειον.
1433 1236 1615 1306 <252>
1654 1241 1787 1290 πολ-

100 1331 196 1395 λῆς
236 1324 296 1379 δὲ
338 1325 426 1379 καὶ
468 1326 745 1396 ζωγράφοι
785 1325 875 1379 καὶ
915 1327 1150 1379 πλάσται
1188 1334 1284 1395 τῆς
1322 1329 1400 1389 εἰς
1438 1334 1600 1379 τοῦτο
1639 1326 1786 1391 παρὰ

98 1425 209 1468 τῶν
241 1414 520 1483 Ἑλλήνων
551 1414 868 1467 ἀπέλαυσαν
902 1414 1168 1482 ἐξουσίας,
1210 1415 1375 1477 αὐτὸς
1406 1414 1631 1477 ἕκαστός
1661 1434 1785 1466 τινα

33 1529 74 1560 15
98 1505 320 1573 μορφὴν
362 1503 618 1571 ἐπινοῶν,
646 1499 695 1556 ’ὃ
736 1500 838 1571 μὲν
878 1502 936 1556 ἐκ
974 1509 1154 1572 πηλοῦ
1192 1503 1445 1557 πλάττων
1485 1502 1514 1556 ὃ
1555 1501 1617 1556 δὲ
1655 1504 1787 1571 γρά-

97 1609 247 1660 φων·
288 1593 348 1645 οἱ
382 1589 442 1645 δὲ
475 1591 709 1660 μάλιστα
742 1593 810 1658 δὴ
842 1594 1255 1659 θαυμαζόμενοι
1286 1602 1397 1644 τῶν
1431 1593 1787 1660 δημιουργῶν

94 1683 191 1733 τὸν
232 1681 500 1749 ἐλέφαντα
539 1678 629 1732 καὶ
668 1681 766 1733 τὸν
805 1681 1014 1750 χρυσὸν
1046 1683 1235 1750 ἔχουσι
1269 1688 1364 1748 τῆς
1403 1678 1486 1733 ἀεὶ
1527 1699 1784 1747 καινουρ-

94 1772 216 1836 γίας
260 1770 362 1836 τὴν
408 1768 696 1821 ὑπόθεσιν.
779 1767 960 1836 <253>
1006 1765 1117 1821 εἷθ’
1159 1770 1218 1821 οἱ
1259 1766 1360 1836 μὲν
1406 1770 1678 1838 πρότερον
1725 1768 1786 1820 ἐν

13 1925 18 1928 ἢ
93 1865 211 1918 ταῖς
255 1864 435 1924 τιμαῖς
480 1854 820 1923 ἀκμάσαντες
864 1853 991 1908 θεοὶ
1042 1856 1432 1925 γεγηράκασιν,
1487 1857 1630 1910 οὕτω
1679 1857 1784 1926 γὰρ

27 1970 71 2001 20
96 1944 473 2013 εὐφημότερον
505 1943 710 2011 λέγειν·
750 1941 941 2011 (254)
964 1945 1123 1997 ἄλλοι
1155 1941 1217 1997 δὲ
1247 1947 1436 1998 καινοί
1462 1965 1606 2007 τινες
1637 1947 1784 1998 εἰσα-

95 2036 320 2100 γόμενοι
350 2035 651 2102 θρησκείας
679 2032 1069 2102 τυγχάνουσιν.
1124 2025 1219 2085 καὶ
1251 2043 1362 2086 τῶν
1389 2035 1554 2103 ἱερῶν
1586 2034 1651 2086 τὰ
1683 2031 1786 2102 μὲν

96 2122 419 2189 ἐρημοῦται,
473 2121 537 2173 τὰ
593 2118 654 2173 δὲ
707 2119 906 2173 νεωστὶ
960 2123 1095 2174 κατὰ
1150 2123 1251 2189 τὴν
1305 2131 1415 2175 τῶν
1468 2121 1785 2189 ἀνθρώπων

93 2211 362 2278 βούλησιν
401 2208 627 2272 ἕκαστος
668 2210 940 2278 ἱδρύεται,
981 2209 1111 2263 δέον
1151 2211 1478 2265 τούναντίον
1518 2212 1620 2280 τὴν
1659 2210 1786 2279 περὶ

93 2306 192 2351 τοῦ
245 2303 386 2351 θεοῦ
442 2298 610 2362 δόξαν
658 2298 860 2361 αὐτοὺς
912 2297 1004 2351 καὶ
1057 2300 1159 2367 τὴν
1214 2301 1350 2366 πρὸς
1403 2299 1574 2353 αὐτὸν
1621 2302 1785 2369 τιμὴν

25 2410 67 2442 25
93 2386 490 2455 ἀμετακίνητον
531 2387 935 2456 διαφυλάττειν.

204 2474 387 2543 <255>
429 2472 796 2538 Ἀπολλώνιος
841 2472 942 2544 μὲν
981 2471 1085 2528 οὖν
1132 2475 1161 2529 ὁ
1201 2479 1415 2530 Μόλων
1462 2486 1573 2530 τῶν
1620 2477 1783 2545 ἀνοή-

91 2585 201 2615 των
243 2557 320 2626 εἶς
365 2559 436 2632 ἧν
475 2562 566 2616 καὶ
613 2562 1041 2633 τετυφωμένων·
1088 2567 1217 2627 τοὺς
1262 2563 1451 2633 μέντοι
1498 2563 1617 2618 κατ’
1654 2565 1785 2633 ἀλή-

91 2657 256 2704 θειαν
304 2651 365 2704 έν
411 2661 526 2714 τοῖς
574 2649 914 2720 Ἑλληνικοῖς
967 2653 1452 2721 φιλοσοφήσαντας
1499 2654 1626 2706 οὔτε
1672 2662 1784 2706 τῶν

90 2739 508 2809 προειρημένων
548 2736 716 2793 οὐδὲν
757 2738 1038 2809 διέλαθεν,
1085 2741 1212 2794 οὔτε
1259 2742 1354 2803 τὰς
1391 2743 1606 2811 ψυχρὰς
1651 2761 1784 2810 προ-

26 2850 68 2881 ao
92 2829 287 2897 φάσεις
332 2837 444 2881 τῶν
492 2828 840 2897 ἀλληγοριῶν
886 2828 1183 2897 ἠγνόησαν.
1262 2831 1350 2883 διό
1388 2849 1490 2898 περ
1531 2839 1642 2883 τῶν
1682 2827 1785 2899 μὲν

92 2918 316 2980 εἰκότως
353 2919 792 2986 κατεφρόνησαν,
833 2917 913 2979 εἰς
951 2915 1011 2969 δὲ
1050 2918 1153 2986 τὴν
1192 2916 1374 2987 ἀληθῆ
1413 2917 1505 2971 καὶ
1544 2918 1786 2988 πρέπου-

218 442 399 512 <250>
436 446 492 495 τί
523 447 717 496 τοίνυν
746 446 808 497 τὸ
840 449 1019 497 αἴτιον
1048 451 1142 512 τῆς
1173 445 1442 512 τοσαύτης
1472 443 1786 512 ἀνωμαλίας
1817 458 1873 496 35

1816 2491 1872 2529 36
