2032 3128
227 77 331 130 156
651 82 776 124 ΤοΤ
808 81 1148 147 ῑοΤΔΑῙΚοΤ
1178 81 1485 123 ΠΟΛΕΜΟΥ

216 212 440 266 Βάσσον
485 208 580 280 ἧκε
635 216 892 282 μήνυσις,
946 211 1044 267 εἴτ’
1084 209 1188 266 οὗν
1238 221 1332 282 τῆς
1387 219 1655 284 σωτηρίας
1710 215 1898 279 αὐτοῖς

214 301 652 369 φθονησάντων,
712 307 819 354 εἴτε
874 302 966 354 διὰ
1030 300 1154 364 δέος
1215 303 1287 371 μὴ
1351 304 1452 370 τὴν
1507 305 1686 356 αἰτίαν
1742 304 1900 365 αὐτοὶ

214 387 424 456 λάβωσι
469 397 564 458 τῆς
609 389 836 442 ἐκείνων
879 390 1248 460 ἀποδράσεως.
1325 390 1508 459 <2Ο8>
1552 392 1613 438 oc
1653 389 1755 454 μὲν
1795 383 1914 440 οὖν*

213 474 589 544 ἀνδρειότατοι
621 486 732 525 τῶν
765 476 1024 536 ἐξιόντων
1050 480 1312 540 ἔφθασαν
1346 473 1771 527 διεκπαίσασθαι
1807 473 1896 527 καὶ

213 562 505 628 διέφυγον·
561 569 671 612 τῶν
719 557 767 612 δ’
810 561 976 613 ἔνδον
1025 558 1492 628 καταληφθέντων
1545 562 1744 631 ἄνδρες
1797 559 1899 631 μὲν
1944 565 1994 619 5’

212 647 567 719 ἀνῃρέθησαν
603 645 688 700 ἐπὶ
724 657 838 709 τοῖς
877 651 1073 716 χιλιόις
1106 645 1436 717 ἑπτακόσιοι,
1475 650 1676 716 γύναια
1709 647 1770 704 δὲ
1808 650 1899 704 καὶ

210 739 401 799 παῖδες
455 736 1001 805 ἠνδραποδίσθησαν.
1087 735 1270 803 <209>
1317 737 1411 797 τὰς
1467 734 1528 789 δὲ
1582 740 1718 806 πρὸς
1770 741 1900 803 τοὺς

211 826 557 895 παραδόντας
612 826 695 877 τὸ-
729 824 1005 893 φρούριον
1054 823 1348 892 ὁμολογίας
1399 825 1650 892 οἰόμενος
1704 827 1822 877 δεῖν
1868 827 1899 878 ὁ

210 914 427 976 Βάσσος
466 912 855 982 διαφυλάττειν
896 911 1096 973 αὐτούς
1134 908 1183 963 τ’
1218 910 1412 980 ἀφίησι
1459 910 1551 964 καὶ
1589 913 1686 964 τὸν
1716 911 1901 965 Ἐλεά-

214 1004 377 1071 ζαρον
417 999 712 1053 ἀπέδωκεν.
1925 1026 1995 1067 ιοι

323 1088 506 1158 <210>
544 1096 715 1141 ταῦτα
755 1085 816 1140 δὲ
857 1088 1278 1157 διοικησάμενος
1316 1089 1568 1157 ἠπείγετο
1607 1088 1708 1156 τὴν
1741 1103 1901 1157 στρα-
2012 1074 2016 1082 ἱ

209 1178 334 1231 τιὰν
373 1178 523 1245 ἄγων
557 1174 643 1229 ἐπὶ
682 1177 780 1229 τὸν
818 1178 1373 1246 προσαγορευόμενον
1410 1174 1627 1245 Ἰάρδην
1661 1178 1900 1246 δρυμόν·

210 1263 407 1319 πολλοὶ
447 1265 550 1333 γὰρ
585 1266 663 1326 εἰς
696 1263 866 1316 αὐτὸν
899 1262 1254 1332 ἠγγέλθησαν
1286 1265 1593 1333 ἠθροῖσθαι
1624 1273 1734 1318 τῶν
1765 1265 1902 1318 κατὰ

210 1356 306 1417 τὰς
344 1355 664 1422 πολιορκίας
703 1354 976 1421 πρότερον
1017 1354 1075 1404 ἔκ
1114 1372 1171 1404 τε
1201 1349 1606 1422 Ἱεροσολύμων
1645 1351 1734 1406 καὶ
1774 1356 1902 1406 Μα-

211 1449 537 1513 χαιροῦντος
590 1440 969 1510 ἀποδράντων.
1046 1441 1230 1510 <211>
1280 1440 1466 1493 ἐλθὼν
1516 1437 1620 1494 οὖν
1667 1440 1752 1494 ἐπὶ
1802 1443 1901 1495 τὸν
1925 1466 1970 1500 15

210 1533 380 1584 τόπον
420 1528 509 1582 καὶ
557 1531 726 1597 γνοὺς
764 1528 865 1597 τὴν
905 1527 1168 1597 ἀγγελίαν
1207 1528 1309 1582 οὐκ
1349 1528 1709 1599 ἐψευσμένην,
1757 1539 1903 1601 πρῶ-

210 1639 307 1672 τον
363 1615 464 1688 μὲν
517 1627 634 1680 τοῖς
697 1618 955 1670 ἱππεῦσιν
1011 1618 1157 1670 ἅπαν
1211 1622 1508 1671 κυκλοῦται
1562 1620 1622 1672 τὸ
1677 1622 1903 1688 χωρίον,

211 1707 359 1770 ὅπως
396 1715 511 1769 τοῖς
551 1708 934 1759 διεκπαίεσθαι
965 1710 1207 1775 τολμῶσι
1239 1715 1349 1760 τῶν
1376 1705 1665 1760 Ἰουδαίων
1697 1708 1904 1775 ἄπορος

209 1795 242 1863 ἡ
294 1796 443 1864 φυγὴ
499 1798 754 1863 γίγνηται
810 1795 902 1847 διὰ
955 1798 1085 1857 τοὺς
1141 1793 1357 1863 ἱππέας,
1413 1798 1542 1858 τοὺς
1597 1793 1658 1849 δὲ
1710 1800 1903 1861 πεζοὺς

211 1883 458 1937 ἐκέλευσε
489 1885 882 1952 δενδροτομεῖν
907 1884 1009 1952 τὴν
1032 1883 1174 1952 ὕλην
1199 1886 1276 1946 εἰς
1307 1883 1378 1952 ἣν
1403 1887 1900 1955 καταπεφεύγεσαν.
1927 1910 1971 1942 20

210 1973 390 2042 <212>
424 1975 786 2025 καθίστανται
820 1969 880 2024 δὲ
915 1973 1006 2024 διὰ
1039 1980 1203 2026 τοῦτο
1236 1975 1373 2041 πρὸς
1405 1972 1651 2042 ἀνάγκην
1684 1975 1742 2027 οί
1768 1972 1904 2027 Ἰου-

212 2063 359 2115 δαῖοι
408 2069 508 2114 τοῦ
561 2062 701 2130 δρᾶν
752 2081 803 2113 τι
858 2070 1139 2129 γενναῖον,
1171 2062 1268 2136 δὼς
1320 2061 1378 2114 ἐκ
1423 2069 1524 2115 τοῦ
1578 2066 1906 2132 παραβόλως

211 2151 597 2220 ἀγωνίσασθαι
629 2148 746 2218 τάχ’
780 2149 850 2203 ἂν
881 2148 973 2203 καὶ
1015 2151 1397 2219 διαφυγόντες.
1460 2150 1662 2221 ἀθρόοι
1704 2153 1772 2221 δὴ
1812 2151 1906 2205 καὶ

211 2240 343 2308 μετὰ
412 2242 545 2307 βοῆς
615 2237 841 2309 ᾄξαντες
913 2237 1205 2292 ἐνέπιπτον
1271 2249 1387 2302 τοῖς
1454 2239 1905 2309 κεκυκλωμένοις.

209 2328 390 2396 <213>
429 2330 487 2380 οἳ
523 2324 573 2379 δ’
601 2327 802 2390 αὐτοὺς
834 2325 1088 2396 ἐδέχοντο
1122 2336 1413 2397 καρτερῶς,
1452 2326 1543 2380 καὶ
1582 2332 1758 2398 πολλῇ
1791 2338 1903 2382 τῶν
1928 2352 1971 2385 25

210 2414 312 2486 μὲν
352 2415 588 2487 ἀπονοίᾳ
626 2425 737 2469 τῶν
777 2414 838 2468 δὲ
885 2420 1171 2488 φιλονικίᾳ
1218 2415 1519 2486 χρωμένων
1558 2419 1757 2486 χρόνος
1803 2415 1904 2486 μὲν
1993 2470 1996 2474 ,

210 2506 312 2559 οὐκ
352 2505 537 2572 ὀλίγος
577 2505 668 2557 διὰ
708 2511 871 2558 τοῦτο
911 2511 975 2574 τῇ
1016 2505 1161 2575 μάχῃ
1200 2506 1436 2575 προύβη,
1475 2503 1629 2568 τέλος
1661 2503 1711 2558 δ’
1739 2506 1906 2575 αὐτῆς

210 2593 310 2664 οὐχ
341 2593 537 2662 ὅμοιον
561 2591 736 2662 ἀπέβη
767 2603 881 2656 τοῖς
910 2591 1373 2662 ἀγωνισαμένοις·
1412 2594 1593 2662 <214>
1624 2591 1905 2663 Ῥωμαίων

210 2679 310 2751 μὲν
349 2682 454 2751 γὰρ
496 2682 709 2734 δώδεκα
749 2684 878 2743 τοὺς
918 2683 1134 2745 «πάντας
1173 2681 1379 2751 συνέβη
1426 2691 1636 2751 πεσεῖν,
1683 2683 1906 2751 ὀλίγους

209 2790 266 2823 τε
314 2775 628 2841 τρωθῆναι,
674 2778 785 2823 τῶν
828 2765 1115 2824 Ἰουδαίων
1155 2768 1206 2823 δ’
1238 2769 1296 2823 ἐκ
1341 2777 1437 2839 τῆς
1487 2771 1662 2841 μάχης
1706 2772 1906 2840 ταύτης
1929 2792 1974 2825 30

210 2858 396 2922 οὐδεὶς
443 2857 726 2928 διέφυγεν,
774 2857 894 2911 ἀλλ’
933 2860 1087 2922 ὄντες
1134 2859 1236 2912 οὐκ
1283 2858 1541 2922 ἐλάττους
1587 2863 1905 2930 τρισχιλίων
