2032 3128
105 242 158 280 31

194 92 303 144 234
795 95 954 136 ΚΑΤΑ
984 94 1262 138 ΑΠΙΩΝΟΣ

307 227 487 294 <279>
521 230 717 281 λοιπόν
747 248 842 297 μοι
871 230 1008 295 πρὸς
1039 228 1209 281 αὐτὸν
1234 229 1407 281 εἰπεῖν
1438 226 1564 296 περὶ
1587 227 1874 292 Μωυσέος.

191 324 391 369 τοῦτον
439 313 501 368 δὲ
546 318 643 369 τὸν
689 317 865 381 ἄνδρα
911 318 1238 384 θαυμαστὸν
1285 313 1385 384 μὲν
1432 317 1729 384 Αἰγύπτιοι
1783 316 1874 370 καὶ

190 410 350 458 θεῖον
381 408 683 473 νομίζουσι,
722 406 1019 473 βούλονται
1059 402 1121 457 δὲ
1158 413 1483 474 προσποιεῖν
1516 404 1703 467 αὑτοῖς
1741 406 1874 473 μετὰ

190 496 542 562 βλασφημίας
602 492 910 560 ἀπιθάνου,
972 491 1224 561 λέγοντες
1281 491 1670 560 “Ηλιοπολίτην
1733 489 1874 546 εἶναι

189 590 300 634 τῶν
340 580 553 638 ἐκεῖθεν
595 580 786 649 ἱερέων
827 580 949 648 ἕνα,
999 581 1090 633 διὰ
1133 581 1234 648 τὴν
1274 579 1479 650 λέπραν
1520 581 1875 650 συνεξεληλα-

189 668 373 738 μένον.
450 670 631 737 <28Ο>
671 671 950 722 δείκνυται
991 667 1038 721 δ’
1072 668 1133 721 ἐν
1167 677 1285 732 ταῖς
1323 668 1670 739 ἀναγραφαῖς
1709 670 1876 723 ὀκτω-

189 759 413 811 καίδεκα
445 761 549 811 σὺν
581 767 695 821 τοῖς
732 760 1111 820 πεντακοσίοις
1149 759 1419 827 πρότερον
1452 759 1596 810 ἔτεσι
1635 759 1878 825 γεγονὼς

188 845 277 900 καὶ
309 849 438 909 τοὺς
468 845 763 915 ἡμετέρους
795 845 1076 914 ἐξαγαγὼν
1110 845 1168 899 ἐκ
1200 854 1294 914 τῆς
1326 847 1613 914 Αἰγύπτου
1643 846 1877 914 πατέρας

190 937 267 997 είς
304 935 405 1002 τὴν
446 936 630 1005 χώραν
667 935 769 1002 τὴν
806 943 913 988 νῦν
954 933 1288 1004 οἰκουμένην
1327 932 1424 1004 ὑφ’
1454 933 1625 1004 ἡμῶν.
1695 935 1875 1002 <281>

190 1024 272 1076 ὅτι
314 1021 362 1076 δ’
383 1020 515 1077 οὐδὲ
555 1030 815 1094 συμφορᾷ
847 1042 958 1075 τινι
989 1023 1213 1092 τοιαύτῃ
1245 1021 1371 1092 περὶ
1401 1025 1463 1076 τὸ
1497 1032 1651 1092 σῶμα
1683 1043 1873 1094 κεχρη-

188 1111 357 1180 μένος
395 1107 485 1180 ἧν,
541 1110 600 1164 ἐκ
646 1120 757 1164 τῶν
805 1110 1120 1180 λεγομένων
1165 1109 1260 1164 ὑπ’
1300 1111 1471 1165 αὐτοῦ
1527 1113 1694 1180 δῆλός
1747 1111 1875 1166 ἐστι.

187 1209 301 1262 τοῖς
340 1200 444 1268 γὰρ
477 1204 752 1269 λεπρῶσιν
785 1198 1042 1269 ἀπείρηκε
1079 1200 1210 1268 μήτε
1244 1198 1431 1269 μένειν
1465 1199 1525 1253 ε’ν
1556 1203 1712 1254 πόλει
1745 1199 1867 1269 μήτ’

189 1288 247 1342 ἐν
286 1290 440 1358 κώμῃ
488 1297 781 1356 κατοικεῖν,
828 1287 968 1341 ἀλλὰ
1015 1291 1221 1357 μόνους
1266 1298 1586 1358 περιπατεῖν
1633 1303 1877 1357 κατεσχι-

188 1376 423 1445 σμένους
467 1377 533 1429 τὰ
582 1377 789 1445 ἱμάτια·
839 1375 928 1429 καὶ
975 1379 1073 1430 τὸν
1113 1376 1399 1446 ἁψάμενον
1439 1378 1621 1435 αὐτῶν
1662 1377 1695 1446 ἢ
1735 1377 1877 1446 ὁμώ-

188 1485 364 1534 ροφον
396 1468 698 1534 γενόμενον
730 1465 798 1519 οὐ
833 1467 1085 1534 καθαρὸν
1117 1465 1343 1534 ἡγεῖται.
1414 1466 1597 1534 <282>
1637 1464 1727 1519 καὶ
1765 1467 1875 1535 μὴν

185 1553 288 1607 κᾶν
327 1558 653 1622 θεραπευθῇ
694 1555 755 1607 τὸ
795 1556 1010 1623 νόσημα
1050 1552 1140 1606 καὶ
1178 1555 1280 1623 τὴν
1321 1555 1494 1607 αὑτοῦ
1533 1555 1706 1622 φύσιν
1745 1553 1876 1608 ἀπο-

187 1643 352 1713 λάβῃ,
407 1641 707 1712 προείρηκέ
747 1661 901 1704 τινας
947 1641 1194 1711 ἁγνείας,
1248 1645 1572 1711 καθαρμοὺς
1624 1646 1877 1710 πηγαίων

185 1731 405 1784 ὑδάτων
446 1735 701 1800 λουτροῖς
751 1729 843 1784 καὶ
891 1731 1146 1799 ξυρήσεις
1190 1732 1368 1800 πάσης
1413 1734 1620 1802 τριχός,
1671 1732 1877 1795 πολλάς

114 1870 119 1875 ,
185 1839 241 1872 τε
303 1821 515 1873 κελεύει
574 1817 664 1873 καὶ
727 1823 991 1882 παντοίας
1053 1819 1436 1874 ἐπιτελέσαντα
1499 1824 1703 1883 θυσίας
1755 1823 1874 1875 τότε

186 1913 488 1977 παρελθεῖν
520 1910 598 1971 εἰς
636 1909 738 1978 τὴν
771 1909 925 1978 ὃερὰν
956 1911 1135 1962 πόλιν.
1213 1909 1397 1978 <283>
1433 1912 1611 1963 καίτοι
1643 1909 1876 1963 τούναν-

186 2001 305 2050 τίον
331 1998 476 2060 είκὸς
506 1993 577 2065 ἦν
601 2000 838 2068 προνοίᾳ
868 1995 978 2050 τινὶ
1009 1995 1100 2052 καὶ
1133 2001 1531 2068 φιλανθρωπίᾳ
1561 1999 1875 2067 χρήσασθαι

185 2088 282 2139 τὸν
316 2085 375 2138 ἐν
407 2093 470 2154 τῇ
512 2094 774 2157 συμφορᾷ
812 2087 983 2155 ταύτῃ
1024 2089 1292 2154 γεγονότα
1331 2088 1468 2155 πρὸς
1505 2089 1635 2149 τοὺς
1674 2087 1877 2156 ὁμοίως

187 2174 332 2246 αὐτῷ
383 2176 845 2244 δυστυχήσαντας.
922 2174 1105 2243 <284>
1152 2175 1219 2229 οὐ
1267 2178 1443 2244 μόνον
1484 2173 1544 2228 δὲ
1590 2173 1716 2245 περὶ
1765 2185 1875 2229 τῶν

186 2267 404 2330 λεπρῶν
451 2262 625 2325 οὕτως
681 2262 1102 2332 ἐνομοθέτησεν,
1159 2262 1277 2318 ἀλλ’
1317 2261 1450 2317 οὐδὲ
1503 2272 1617 2327 τοῖς
1669 2262 1760 2317 καὶ
1813 2266 1874 2316 τὸ

186 2352 528 2422 βραχύτατον
556 2371 609 2404 τι
638 2359 737 2405 τοῦ
771 2353 1018 2421 σώματος
1048 2351 1585 2422 ἠκρωτηριασμένας
1618 2354 1873 2422 ἱερᾶσθαι

187 2440 621 2510 συγκεχώρηκεν,
669 2437 787 2494 ἀλλ’
820 2443 871 2493 εί
915 2439 1006 2494 καὶ
1052 2441 1254 2510 μεταξύ
1301 2462 1383 2506 τις
1431 2442 1726 2512 ἱερώμενος
1764 2461 1874 2494 τοι-

187 2529 322 2598 αύτῃ
378 2530 639 2598 χρήσαιτο
690 2538 974 2602 συμφορᾷ,
1027 2532 1130 2600 τὴν
1176 2532 1341 2600 τιμὴν
1387 2530 1557 2584 αὐτὸν
1605 2530 1874 2599 ἀφείλετο.

187 2618 367 2685 <285>
406 2626 522 2679 πῶς
554 2613 658 2671 οὖν
689 2619 834 2681 εἰκὸς
868 2619 1081 2673 ἐκεῖνον
1115 2629 1285 2674 ταῦτα
1319 2625 1649 2689 νομοθετεῖν
1681 2617 1713 2687 ἢ
1747 2621 1876 2681 τοὺς

187 2705 291 2759 ἀπὸ
354 2706 622 2759 τοιούτων
682 2717 989 2775 συμφορῶν
1047 2707 1504 2778 συνειλεγμένους
1565 2707 1873 2777 προσέσθαι

185 2792 313 2847 καθ’
351 2792 579 2862 ἑαυτῶν,
628 2797 705 2858 εἰς
744 2797 961 2859 ὄνειδός
999 2817 1054 2850 τε
1102 2796 1192 2850 καὶ
1240 2798 1454 2867 βλάβην
1494 2799 1702 2865 νόμους
1742 2811 1872 2850 συν-

185 2882 539 2951 τιθεμένους;
596 2885 778 2952 <286>
825 2883 963 2938 ἀλλὰ
1010 2887 1120 2955 μὴν
1166 2884 1255 2939 καὶ
1303 2887 1547 2955 τοῦνομα
1588 2889 1713 2939 λίαν
1754 2885 1872 2937 ἀπι-

1899 1049 1941 1080 10

1902 1488 1944 1522 15

1901 1934 1944 1966 20

1899 2375 1941 2408 25

1897 2819 1940 2851 30
