2032 3128
189 63 260 115 32
614 65 739 107 ΤΟΥ
767 65 1108 107 ΙΟΤΔΑῘΚΟΤ
1137 65 1446 107 IIOAEMOT

191 206 309 259 ταῖς
348 195 561 265 ἑορταῖς
598 199 695 251 τὸν
735 199 913 266 δῆμον
953 199 1026 260 ὡς
1064 200 1136 266 μή
1176 217 1228 250 τι
1275 200 1664 266 νεωτερισθείη
1710 215 1876 267 παρε-

191 286 498 355 φύλαττον·
537 284 719 354 (245)
759 287 1034 355 φρούριον
1066 287 1171 355 γὰρ
1204 284 1444 340 ἐπέκειτο
1475 293 1540 356 τῇ
1578 288 1735 340 πόλει
1774 282 1875 355 μὲν

190 375 251 427 τὸ
295 375 464 443 ἱερόν,
510 382 584 446 τῷ
626 375 753 447 ἱερῷ
796 374 911 443 δ’ἡ
950 373 1231 428 Ἀντωνία.
1305 376 1440 428 κατὰ
1479 372 1541 428 δὲ
1578 376 1783 444 ταύτην
1824 375 1883 428 οἶ

190 471 301 515 τῶν
339 471 508 531 τριῶν
547 464 787 533 φύλακες
832 458 993 532 ἦσαν,
1039 461 1131 516 καὶ
1175 470 1271 531 τῆς
1317 465 1432 516 ἄνω
1472 465 1683 526 πόλεως
1731 464 1876 516 ἴδιον

190 551 466 620 φρούριον
504 546 594 619 ἧν,
632 552 698 604 τὰ
737 550 994 619 ”Ηρώδου
1034 554 1299 620 βασίλεια.
1375 551 1558 620 <246>
1595 552 1629 620 ἡ
1666 551 1877 615 Βεζεθὰ
1922 571 1943 605 5

192 636 253 691 δὲ
299 641 471 708 λόφος
510 637 738 710 διῄρητο
784 638 905 708 μέν,
952 641 1025 703 ὡς
1071 642 1232 708 ἔφην,
1279 639 1384 694 ἀπὸ
1431 647 1526 708 τῆς
1567 638 1876 708 Ἀντωνίας,

190 727 412 781 πάντων
460 723 508 780 δ’
546 727 890 795 ὑψηλότατος
943 728 1022 781 ὢν
1072 727 1225 797 μέρει
1278 736 1372 798 τῆς
1424 736 1616 797 καινῆς
1667 731 1878 790 πόλεως

190 814 556 887 προσῴκιστο,
594 815 685 870 καὶ
723 820 893 886 μόνος
930 824 1004 889 τῷ
1040 818 1167 889 ἱερῷ
1201 815 1319 870 κατ’
1350 818 1553 886 ἄρκτον
1585 816 1877 870 ἐπεσκότει.

303 905 483 975 <247>
529 903 654 975 περὶ
703 902 806 974 μὲν
852 906 920 974 δὴ
967 912 1062 974 τῆς
1115 908 1326 969 πόλεως
1381 904 1472 958 καὶ
1525 914 1636 958 τῶν
1682 913 1877 974 τειχῶν

192 989 358 1056 αὖθις
403 996 578 1047 εἰπεῖν
626 992 1014 1063 ἀκριβέστερον
1061 993 1258 1047 ἕκαστα
1312 992 1740 1063 προτεθειμένος
1789 991 1876 1046 ἐπὶ
1904 1015 1946 1047 10

135 1082 167 1133 6
193 1090 291 1136 τοῦ
337 1084 612 1151 παρόντος
658 1081 1022 1152 ἀποχρώντως
1059 1088 1271 1152 εἴρηκα·
1319 1082 1502 1151 <248>
1540 1084 1602 1136 τὸ
1642 1083 1881 1153 μάχιμον

193 1168 244 1223 δ’
280 1169 341 1223 ἐν
387 1170 524 1240 αὐτῇ
578 1169 670 1224 καὶ
724 1171 1015 1235 στασιάζον
1061 1176 1276 1240 πλῆθος
1320 1170 1447 1242 περὶ
1493 1173 1725 1240 Σίμωνα
1779 1167 1881 1239 μὲν

191 1258 379 1327 μύριοι
417 1254 579 1327 ἦσαν,
620 1260 745 1328 δίχα
777 1268 887 1312 τῶν
921 1256 1266 1329 Ἰδουμαίων,
1304 1260 1647 1327 πεντήκοντα
1679 1255 1730 1311 δ’
1756 1257 1880 1327 ἡγε-

191 1349 354 1415 μόνες
407 1356 517 1400 τῶν
564 1351 798 1418 μυρίων,
854 1346 943 1417 ἐφ’
981 1341 1063 1411 οἷς
1108 1344 1269 1411 οὗτος
1314 1349 1505 1418 κύριος
1557 1357 1669 1401 τῶν
1719 1348 1881 1400 ὅλων.

191 1436 373 1505 <249>
406 1431 708 1506 Ἰδουμαῖοι
741 1434 789 1490 δ’
816 1436 963 1508 αὐτῷ
998 1441 1392 1499 συντελοῦντες
1425 1438 1502 1499 εἰς
1539 1449 1882 1506 πεντακισχι-
1906 1457 1950 1491 15

192 1527 347 1587 λίους
385 1526 655 1596 ἄρχοντας
694 1522 845 1596 εἶχον
886 1527 1042 1579 δέκα·
1089 1526 1303 1579 τούτων
1340 1525 1608 1595 προύχειν
1647 1523 1883 1579 ἐδόκουν

192 1613 221 1665 ὅ
275 1633 331 1665 τε
387 1621 487 1667 τοῦ
540 1618 711 1668 Σωσᾶ
768 1612 1023 1683 Ἰάκωβος
1083 1613 1174 1667 καὶ
1228 1618 1426 1683 Σίμων
1486 1615 1610 1677 υίὸς
1663 1616 1882 1668 Καθλᾶ.

192 1702 375 1772 <250>
417 1700 676 1772 Ἰωάννης
716 1701 777 1756 δὲ
815 1705 876 1757 τὸ
920 1705 1070 1774 ἱερὸν
1107 1703 1449 1773 κατειληφὼς
1488 1701 1885 1772 ἑξακισχιλίους

192 1790 415 1853 ὁπλίτας
461 1787 607 1862 εἶχεν
655 1788 751 1862 ὑφ’
787 1792 1061 1862 ἡγεμόνας
1107 1798 1296 1846 εἴκοσι.
1373 1790 1777 1861 προσεγένοντο
1826 1789 1876 1846 δ’

193 1879 339 1951 αὐτῷ
365 1883 487 1933 τότε
517 1879 610 1933 καὶ
638 1882 696 1934 οί
725 1884 972 1951 ζηλωταί,
1003 1882 1348 1951 παυσάμενοι
1373 1888 1472 1935 τοῦ
1499 1880 1884 1951 διαφέρεσθαι,
1907 1902 1951 1935 20

193 1969 455 2038 δισχίλιοι
503 1966 604 2038 μὲν
643 1971 799 2033 ὄντες
844 1969 935 2024 καὶ
973 1973 1343 2040 τετρακόσιοι,
1390 1971 1667 2040 χρώμενοι
1707 1968 1758 2023 δ’
1787 1971 1884 2040 ἀρ-

190 2077 345 2127 χοντι
384 2065 458 2129 τῷ
499 2056 589 2110 καὶ
628 2060 900 2128 πρότερον
928 2057 1231 2131 Ἐλεαζάρῳ
1270 2057 1358 2112 καὶ
1394 2062 1613 2127 Σίμωνι
1643 2065 1718 2130 τῷ
1753 2055 1884 2129 Ἀρί.

190 2145 373 2214 <251>
419 2148 815 2215 πολεμούντων
856 2145 918 2201 δὲ
963 2149 1194 2217 τούτων,
1243 2148 1317 2211 ὡς
1354 2149 1586 2217 ἔφαμεν,
1632 2143 1814 2202 ἆθλον
1853 2147 1883 2201 ὁ

192 2235 365 2303 δῆμος
411 2230 482 2302 ἦν
522 2234 813 2306 ἑκατέρων,
860 2235 951 2290 καὶ
998 2239 1060 2291 τὸ
1107 2238 1180 2306 μὴ
1225 2238 1568 2290 συναδικοῦν
1605 2244 1706 2291 τοῦ
1746 2240 1885 2290 λαοῦ
1996 2298 1998 2301 y

191 2322 356 2393 μέρος
393 2319 490 2397 ὑπ’
521 2324 731 2393 ἀμφοῖν
764 2326 1102 2394 διηρπάζετο.
1167 2325 1350 2395 <252>
1389 2334 1602 2394 κατεῖχε
1635 2322 1690 2377 δ’
1713 2324 1742 2377 ὁ
1783 2321 1884 2393 μὲν
1909 2345 1952 2379 25

192 2415 389 2481 Σίμων
420 2415 522 2482 τήν
558 2411 607 2466 τ’
639 2415 755 2467 ἄνω
795 2418 960 2467 πόλιν
998 2413 1089 2467 καὶ
1128 2417 1189 2468 τὸ
1229 2414 1368 2484 μέγα
1405 2424 1584 2484 τεῖχος
1621 2414 1749 2484 ἄχρι
1786 2420 1887 2467 τοῦ

192 2502 516 2570 Κεδρῶνος,
562 2509 662 2555 τοῦ
707 2500 758 2555 τ’
788 2501 1020 2571 ἀρχαίου
1066 2507 1281 2572 τείχους
1327 2503 1464 2556 ὅσον
1504 2501 1610 2555 ἀπὸ
1653 2508 1749 2570 τῆς
1786 2505 1888 2554 Σι-

192 2594 339 2653 λωᾶς
378 2589 735 2660 ἀνακάμπτον
774 2593 851 2654 είς
891 2591 1168 2661 ἀνατολὴν
1206 2590 1367 2661 μέχρι
1413 2597 1508 2659 τῆς
1546 2590 1887 2659 Μονοβάζου

191 2677 515 2748 κατέβαινεν
570 2679 766 2747 αὐλῆς·
828 2683 1089 2749 βασιλεὺς
1144 2678 1194 2733 δ’
1241 2677 1403 2743 οὗτος
1455 2675 1527 2748 ἦν
1583 2688 1694 2732 τῶν
1747 2675 1886 2747 ὑπὲρ

191 2767 498 2838 Εὐφράτην
531 2766 887 2838 Ἀδιαβηνῶν.
957 2769 1141 2838 <253>
1182 2778 1396 2838 κατεῖχε
1429 2765 1490 2821 δὲ
1528 2766 1620 2821 καὶ
1656 2769 1756 2836 τὴν
1788 2786 1888 2836 πη-
1912 2790 1957 2822 30
2031 2820 2032 2837 ᾖ

176 2857 299 2926 ’γὴν
345 2855 436 2911 καὶ
483 2858 585 2927 τὴν
620 2856 825 2928 ’Ἁκραν
873 2855 1035 2929 (αὕτη
1085 2856 1139 2911 δ’
1177 2855 1247 2926 ἧν
1291 2858 1325 2926 ἡ
1374 2857 1519 2911 κάτω
1566 2854 1749 2928 πόλις)
1797 2855 1890 2910 καὶ
