2032 3128
690 117 902 166 ΛΟΓΟΣ
932 117 1222 158 ΕΒΔοΜοΣ
1690 110 1794 162 163

115 270 312 321 σχοντο
346 251 633 320 σωμάτων,
663 253 721 303 οἳ
748 258 949 303 τοῦτον
972 246 1259 312 ἀνέδειξαν
1283 247 1585 315 τύραννον;
1618 246 1795 313 <266>

109 345 240 393 ποία
281 337 342 392 δὲ
389 339 592 401 αὐτοὺς
637 341 820 408 φιλία,
864 339 996 390 ποία
1046 334 1108 389 δὲ
1155 334 1447 404 συγγένεια
1492 335 1631 403 πρὸς
1659 335 1799 395 ,τοὺς

111 416 198 490 ἐφ’
235 420 696 489 ἕκάστηςῆμέρας
735 429 949 494 φόνους
980 423 1105 494 οὐχὶ
1134 422 1518 493 θρασυτέρους
1550 421 1795 490 ἐποίησε;

109 510 169 561 τὸ
217 505 318 577 μὲν
365 509 469 577 γὰρ
517 511 651 571 τοὺς
701 507 1250 575 ἀλλοτρίουςκιιακῶς
1298 521 1479 559 ποιεῖν
1529 510 1799 573 ἀγεννοῦς

64 621 84 651 5
110 599 275 665 ἔργον
307 593 450 649 εἶναι
480 599 752 666 πονηρίας
782 596 1193 664 ὑπελάμβανον,
1226 595 1480 664 λαμπρὰν
1514 590 1574 646 δὲ
1605 593 1798 662 φέρειν

109 683 371 748 ἐπίδειξιν
417 684 656 752 ἡγοῦντο
705 684 806 752 τὴν
854 682 916 753 ἐν
961 691 1079 745 τοῖς
1127 682 1483 744 οἰκειοτάτοις
1532 682 1798 750 ὠμότητα.

106 774 289 841 <267>
329 774 780 839 παρημιλλήσατο
822 768 883 822 δὲ
928 769 1020 822 καὶ
1058 771 1161 837 τὴν
1200 771 1414 822 τούτων
1454 769 1723 823 ἀπόνοιαν
1762 770 1796 838 ἡ

105 870 216 910 τῶν
249 858 577 925 Ἰδουμαίων
619 860 811 925 μανία”
853 856 1055 910 ἐκεῖνοι
1087 858 1191 926 γὰρ
1224 859 1282 910 οἱ
1309 859 1639 928 μιαρώτατοι
1669 860 1800 921 τοὺς

105 945 391 1015 ἀρχιερέας
448 944 915 1014 κατασφάξαντες,
982 946 1129 1008 ὅπως
1189 943 1329 1015 μηδὲ
1382 945 1547 1016 μέρος
1599 965 1652 998 τι
1703 954 1800 1014 τῆς

41 1058 83 1089 10
107 1035 245 1101 πρὸς
283 1036 382 1087 τὸν
421 1036 560 1088 θεὸν
600 1034 885 1103 εὐσεβείας
924 1035 1374 1104 διαφυλάττηται,
1414 1043 1525 1087 πᾶν
1557 1034 1692 1087 ὅσον
1729 1030 1800 1103 ἦν

104 1124 372 1186 λείψανον
413 1124 492 1175 ἔτι
530 1127 818 1176 πολιτικοῦ
850 1126 1125 1193 σχήματος
1158 1122 1445 1191 ἐξέκοψαν,
1495 1122 1678 1191 <268>
1708 1121 1799 1175 καὶ

102 1211 204 1278 τὴν
244 1211 581 1280 τελεωτάτην
621 1214 919 1280 εἰσήγαγον
960 1212 1053 1264 διὰ
1090 1212 1315 1265 πάντων
1356 1211 1621 1280 ἀνομίαν,
1661 1210 1722 1264 ἐν
1762 1205 1797 1282 ᾖ

101 1300 162 1351 τὸ
217 1308 327 1352 τῶν
385 1302 637 1367 ζηλωτῶν
687 1298 1012 1369 κληθέντων
1063 1299 1226 1367 γένος
1275 1301 1539 1369 ἤκμαζεν,
1593 1302 1651 1352 οἳ
1695 1301 1797 1368 τὴν

100 1391 480 1457 προσηγορίαν
511 1398 627 1451 τοῖς
657 1391 840 1458 ἔργοις
873 1389 1277 1457 ἐπηλήθευσαν.
1328 1389 1511 1457 <269>
1548 1395 1659 1441 πᾶν
1691 1389 1796 1459 γὰρ

35 1500 76 1530 15
101 1479 293 1539 κακίας
324 1479 490 1547 ἔργον
522 1476 938 1547 ἐξεμιμήσαντο,
978 1474 1109 1546 μηδ’
1130 1483 1187 1530 εἴ
1210 1497 1263 1529 τι
1292 1479 1564 1547 πρότερον
1585 1486 1796 1546 προϋπ-

98 1561 309 1634 αρχθὲν
370 1565 404 1633 ἡ
469 1567 654 1633 μνήμη
721 1564 1114 1634 παραδέδωκεν
1176 1565 1334 1618 αὐτοὶ
1395 1568 1797 1634 παραλιπόντες

97 1652 400 1722 ἀζήλωτον·
457 1654 638 1723 <270>
685 1657 864 1706 καίτοι
903 1655 1004 1722 τὴν
1043 1657 1423 1723 προσηγορίαν
1463 1654 1649 1717 αὑτοῖς
1688 1653 1794 1707 ἀπὸ

96 1751 206 1795 τῶν
248 1737 328 1795 ἐπ’
367 1741 562 1812 ἀγαθῷ
606 1742 956 1812 ζηλουμένων
998 1741 1290 1810 ἐπέθεσαν,
1330 1741 1362 1810 ἢ
1403 1745 1795 1810 κατειρωνευό-

96 1850 254 1899 μενοι
300 1840 412 1884 τῶν
458 1830 844 1900 ἀδικουμένων
900 1832 992 1884 διὰ
1031 1832 1133 1899 τὴν
1173 1831 1356 1884 αὐτῶν
1395 1832 1648 1901 θηριώδη
1688 1832 1794 1900 φύ-

8 1940 71 1973 ‘20
99 1935 208 1987 σιν,
247 1919 280 1988 ἢ
311 1920 378 1972 τὰ
409 1918 636 1988 μέγιστα
667 1929 778 1973 τῶν
810 1911 995 1973 κακῶν
1020 1919 1206 1987 ἀγαθὰ
1230 1922 1562 1989 νομίζοντες.
1610 1920 1793 1987 <271>

99 2016 399 2078 τοιγαροῦν
423 2015 705 2077 προσῆκον
731 2008 949 2062 ἕκαστοι
973 2010 1035 2062 τὸ
1060 2007 1217 2071 τέλος
1240 2009 1489 2076 εὕροντο,
1520 2017 1622 2062 τοῦ
1652 2014 1936 2064 m

98 2098 202 2165 τὴν
250 2096 412 2160 ἀξίαν
459 2095 546 2149 ἐπὶ
591 2105 762 2150 πᾶσιν
808 2098 997 2161 αὐτοῖς
1043 2100 1310 2166 τιμωρίαν
1357 2098 1791 2167 βραβεύσαντος·

96 2186 280 2252 <272>
329 2185 461 2248 ὅσας
515 2186 620 2255 γὰρ
675 2185 983 2254 ἀνθρώπου
1034 2187 1266 2238 δύναται
1321 2186 1489 2253 φύσις
1540 2185 1793 2248 κολάσεις

8 2336 10 2338 v
94 2273 407 2343 ὑπομεῖναι,
443 2281 615 2327 πᾶσαι
648 2273 1000 2343 κατέσκηψαν
1031 2276 1109 2337 εἰς
1141 2273 1343 2337 αὐτοὺς
1375 2273 1534 2344 μέχρι
1572 2272 1664 2327 καὶ
1695 2281 1791 2342 τῆς

27 2385 70 2417 25
98 2362 325 2432 ἐσχάτης
362 2370 462 2415 τοῦ
501 2366 629 2431 βίου
668 2368 940 2431 τελευτῆς,
977 2363 1050 2431 ἣν
1079 2361 1382 2432 ὑπέμειναν
1423 2362 1482 2416 ἐν
1521 2364 1789 2430 πολυτρό-

92 2469 216 2514 ποις
261 2452 464 2513 αἰκίαις
508 2450 905 2514 ἀποθανόντες.
985 2451 1169 2521 <273>
1214 2451 1282 2512 οὐ
1322 2452 1432 2520 μὴν
1471 2450 1611 2504 ἀλλὰ
1650 2453 1786 2519 φαίη

93 2560 173 2602 τις
212 2539 282 2592 ἂν
322 2539 525 2602 αὐτοὺς
563 2539 766 2593 ἐλάττω
805 2546 1011 2593 παθεῖν
1050 2535 1129 2592 ὧν
1170 2541 1436 2610 ἔδρασαν·
1475 2540 1535 2592 τὸ
1567 2540 1672 2609 γὰρ
1707 2540 1788 2591 δι-

91 2631 258 2691 καίως
296 2626 382 2680 ἐπ’
417 2629 602 2682 αὐτῶν
642 2629 710 2682 οὐ
748 2636 979 2698 προσῆν.
1032 2629 1215 2698 <274>
1246 2631 1376 2690 τοὺς
1407 2624 1469 2680 δὲ
1499 2636 1617 2690 ταῖς
1650 2626 1786 2680 ἐκεί-

0 2774 4 2795 ,Ι
92 2735 206 2775 νων
257 2717 497 2786 ὠμότησι
554 2720 951 2787 περιπεσόντας
997 2717 1065 2770 οὐ
1111 2725 1211 2771 τοῦ
1257 2719 1529 2786 παρόντος
1579 2715 1650 2769 ἂν
1700 2721 1784 2784 εἴη

0 2804 71 2869 {30
95 2812 295 2874 καιροῦ
332 2807 468 2858 κατὰ
506 2807 607 2875 τὴν
639 2804 797 2870 ἀξίαν
829 2806 1149 2876 ὀδύρεσθαι.
1197 2805 1365 2859 πάλιν
1398 2800 1502 2858 οὗν
1535 2803 1786 2874 ἐπάνειμι

1 2895 3 2899 ’
93 2895 232 2963 πρὸς
270 2894 331 2946 τὸ
371 2898 836 2964 καταλειπόμενον
875 2893 1040 2964 μέρος
1077 2901 1173 2962 τῆς
1212 2895 1527 2963 διηγήσεως.

14 2974 21 2982 ’
1430 2980 1515 3023 11*
