2032 3128
712 383 956 437 ΛΟΓΟΣ
994 382 1257 438 ΕΚΤΟΣ.

254 573 358 640 <1>
391 574 468 625 Τὰ
500 571 601 642 μὲν
634 570 738 627 οὖν
770 583 880 627 τῶν
910 573 1309 644 Ἱεροσολύμων
1333 575 1486 643 πάθη
1514 576 1823 643 προύκοπτε
1860 576 1888 628 1

143 659 274 714 καθ’
310 660 518 732 ἡμέραν
567 660 654 714 ἐπὶ
700 664 761 716 τὸ
801 673 1012 733 χεῖρον,
1060 672 1171 716 τῶν
1217 683 1272 715 τε
1313 672 1652 716 στασιαστῶν
1691 668 1826 732 μᾶλ-

141 754 242 803 λον
280 749 746 820 παροξυνομένων
787 750 847 803 ἐν
886 761 1004 814 ταῖς
1043 761 1356 821 συμφοραῖς
1392 750 1484 805 καὶ
1522 760 1621 805 τοῦ
1660 756 1824 819 λιμοῦ

140 839 271 907 μετὰ
308 840 407 891 τὸν
448 839 625 907 δῆμον
663 839 770 907 ἤδη
810 838 1098 901 κάκείνους
1136 838 1466 908 νεμομένου·
1515 839 1621 908 <2>
1661 842 1723 892 τό
1763 859 1824 907 γε

97 946 117 978 5
141 928 251 995 μὴν
296 930 510 994 πλῆθος
547 936 658 979 τῶν
705 926 1134 997 σεσωρευμένων
1182 926 1287 980 ἀνὰ
1330 929 1431 996 τὴν
1481 929 1645 980 πόλιν
1682 944 1823 979 πτω-

137 1015 324 1083 μάτων
364 1015 488 1078 ὄψει
526 1034 583 1067 τε
622 1017 896 1084 φρικῶδες
933 1011 1004 1084 ἦν
1042 1013 1134 1068 καὶ
1174 1016 1418 1085 λοιμώδη
1450 1013 1823 1085 προσέβαλλεν

136 1103 337 1172 ὀσμήν,
392 1105 529 1173 πρός
574 1123 631 1156 τε
677 1105 772 1166 τὰς
810 1103 1079 1174 ἐκδρομὰς
1125 1104 1393 1172 ἐμπόδιον
1437 1112 1552 1166 τοῖς
1589 1101 1824 1174 μαχομέ-

133 1211 265 1254 νοις.
318 1192 500 1262 ὥσπερ
540 1191 643 1262 γὰρ
692 1193 786 1245 διὰ
823 1191 1172 1263 παρατάξεως
1210 1195 1365 1265 φόνῳ
1405 1194 1584 1265 μυρίῳ
1623 1211 1823 1261 γεγυμ-

132 1277 441 1348 νασμένους
478 1288 796 1350 χωροῦντας
835 1282 948 1334 ἔδει
986 1282 1051 1333 τὰ
1091 1281 1315 1349 σώματα
1352 1290 1559 1334 πατεῖν.
1622 1280 1730 1349 <3>
1769 1283 1827 1334 οἳ

65 1389 108 1421 10
134 1366 186 1420 δ’
222 1368 599 1438 ἐπιβαίνοντες
648 1367 763 1422 οὔτ’
811 1371 1069 1438 ἔφριττον
1117 1367 1232 1422 οὔτ’
1270 1368 1473 1437 ἠλέουν
1520 1369 1646 1422 οὔτε
1693 1373 1823 1439 κλη-

133 1457 272 1510 δόνα
318 1457 491 1525 κακὴν
539 1467 697 1527 σφῶν
744 1458 928 1511 αὐτῶν
977 1458 1371 1527 ὑπελάμβανον
1418 1458 1519 1526 τὴν
1570 1459 1648 1520 εἰς
1692 1459 1823 1519 τοὺς

130 1545 558 1616 κατοιχομένους
617 1546 806 1615 ὕβριν·
878 1547 1000 1616 <4>
1049 1545 1390 1616 πεφυρμένοι
1455 1543 1506 1599 δ’
1558 1546 1821 1618 ὁμοφύλῳ

130 1635 287 1706 φόνῳ
326 1636 422 1697 τὰς
454 1634 658 1703 δεξιάς,
699 1633 786 1687 ἐπὶ
818 1636 916 1688 τὸν
945 1636 1082 1705 πρὸς
1112 1637 1240 1698 τοὺς
1272 1634 1624 1704 ἀλλοφύλους
1661 1637 1822 1688 πόλε-

130 1743 237 1791 μον
277 1722 519 1792 ἐξέθεον,
559 1723 942 1791 ὀνειδίζοντες,
982 1725 1165 1792 ἔμοιγε
1206 1725 1410 1791 δοκεῖν,
1451 1724 1513 1777 τὸ
1544 1715 1706 1776 θεῖον
1744 1724 1823 1786 εἰς

61 1830 105 1864 15
129 1812 443 1880 βραδύτητα
496 1819 591 1881 τῆς
645 1809 727 1865 ἐπ’
776 1812 964 1874 αὐτοῖς
1011 1812 1308 1874 κολάσεως·
1373 1812 1440 1865 οὐ
1486 1812 1591 1881 γὰρ
1639 1810 1822 1864 ἐλπίδι

11 1917 14 1919 ’
68 1935 69 1938 =
128 1903 284 1968 νίκης
331 1901 361 1954 ὁ
407 1903 671 1970 πόλεμος,
726 1902 834 1970 ἤδη
884 1899 934 1954 δ’
977 1900 1288 1968 ἀπογνώσει
1336 1902 1607 1970 σωτηρίας
1652 1899 1822 1969 ἐθρα-

130 1990 341 2042 σύνετο.
418 1990 524 2058 <5>
555 1988 812 2058 Ῥωμαῖοι
853 1989 940 2058 δέ,
989 1992 1168 2043 καίτοι
1205 1989 1383 2042 πολλὰ
1421 1986 1548 2059 περὶ
1586 1990 1688 2057 τὴν
1726 1996 1822 2058 τῆς

126 2077 261 2146 ὕλης
301 2079 646 2147 συγκομιδὴν
675 2079 1207 2148 ταλαιπωρούμενοι,
1249 2078 1314 2130 τὰ
1352 2079 1576 2147 χώματα
1616 2078 1821 2147 διήγει-

128 2186 232 2233 ραν
272 2172 370 2237 μιᾷ
407 2165 499 2219 καὶ
533 2172 704 2220 εἴκοσι
735 2165 982 2236 ἡμέραις,
1021 2169 1328 2236 κείραντες,
1367 2166 1441 2228 ὡς
1478 2169 1820 2235 προείρηται,

63 2274 106 2305 20
130 2255 231 2322 τὴν
269 2252 395 2324 περὶ
434 2256 496 2308 τὸ
544 2256 682 2308 ἄστυ
729 2257 916 2324 χώραν
959 2253 1040 2308 ἐπ’
1089 2254 1421 2323 ἐνενήκοντα
1461 2255 1721 2317 σταδίους
1760 2254 1821 2307 ἐν

125 2343 308 2416 κύκλῳ
347 2351 545 2396 πᾶσαν.
615 2340 687 2412 ἣν
727 2339 778 2396 δ’
823 2343 1033 2412 ἐλεεινὴ
1072 2345 1164 2396 καὶ
1194 2349 1291 2411 τῆς
1329 2350 1429 2412 γῆς
1465 2343 1499 2411 ἡ
1538 2341 1660 2395 θέα.
1711 2342 1820 2411 <6>

123 2432 189 2484 τὰ
236 2433 341 2502 γὰρ
387 2432 557 2485 πάλαι
606 2430 862 2503 δένδρεσι
908 2430 1001 2485 καὶ
1047 2433 1403 2502 παραδείσοις
1440 2429 1819 2500 κεκοσμημένα

122 2523 242 2573 τότε
290 2524 644 2591 πανταχόθεν
691 2521 950 2591 ἠρήμωτο
989 2519 1081 2574 καὶ
1123 2519 1482 2592 περικέκοπτο
1522 2520 1623 2588 τὴν
1661 2520 1819 2588 ὕλην.

123 2610 231 2678 <7>
271 2609 456 2673 οὐδείς
495 2629 551 2663 τε
598 2611 699 2678 τὴν
746 2610 915 2663 πάλαι
949 2608 1226 2663 Ἰουδαίαν
1273 2607 1366 2662 καὶ
1412 2609 1479 2662 τὰ
1516 2613 1817 2678 περικαλλῆ

55 2714 99 2747 25
122 2698 421 2766 ,προάστεια
459 2706 554 2767 τῆς
590 2701 803 2762 πόλεως
843 2696 1086 2768 ἑορακὼς
1124 2698 1458 2768 ἀλλόφυλος,
1499 2700 1683 2751 ἔπειτα
1717 2698 1820 2766 τὴν

21 2787 24 2790 ”
121 2788 241 2839 τότε
272 2785 494 2855 βλέπων
526 2786 778 2857 ἐρημίαν,
821 2788 923 2841 οὐκ
963 2788 1293 2858 ὠλοφύρατο
1333 2785 1426 2840 καὶ
1464 2785 1818 2850 κατεστέναξε

118 2875 219 2943 τὴν
272 2878 583 2946 μεταβολὴν
637 2874 768 2947 παρ’
820 2876 955 2931 ὅσον
1010 2875 1243 2946 γένοιτο.
1323 2876 1431 2944 <8>
1479 2876 1659 2929 πάντα
1712 2877 1818 2946 γὰρ
