2032 3128
190 97 298 149 252
648 97 886 139 CONTRA
916 97 1185 139 APIONEM
1217 97 1330 139 LIB.
1354 97 1412 138 11.

191 231 348 301 civeS,
379 230 590 283 eosdem
622 230 765 300 (1008,
796 247 930 298 quos
961 227 1326 299 Alexandrini,
1354 247 1465 282 non
1495 230 1741 282 colunt‘P'
1782 231 1864 283 cui

190 318 504 387 respondeo:
557 318 823 386 quomodo
865 317 1049 387 etiam,
1094 335 1258 386 quum
1295 335 1391 370 vos
1441 318 1558 370 sitis
1598 318 1870 389 Aegyptii,

190 407 331 458 inter
370 406 658 459 alterutros
697 406 899 474 praelio
931 422 1124 475 magno
1158 408 1211 457 et
1251 406 1366 457 sine
1403 406 1612 459 foedere
1651 407 1714 459 de
1753 407 1870 460 reli-

192 495 351 565 gione
390 495 751 548 contenditis?
818 495 965 562 <66>
1013 512 1082 546 an
1121 497 1262 546 certe
1298 497 1581 563 propterea
1627 514 1738 548 non
1775 513 1871 548 vos

193 601 374 636 omnes
415 583 638 635 dicimus
669 582 987 654 AegyptiOS,
1025 586 1078 635 et
1115 601 1286 652 neque
1321 584 1673 637 communiter
1703 585 1898 637 homi-..
1917 608 1937 640 5

190 690 302 742 neS,
347 671 601 739 quoniam
642 671 842 723 bestias
890 671 1231 723 adversantes
1277 674 1500 724 naturae
1537 677 1751 726 nostrae
1791 692 1874 726 co-

189 760 322 830 111318,
358 760 532 812 multa
569 759 850 829 diligentia
886 759 1222 811 nutrientes?
1275 777 1441 828 quum
1479 777 1647 830 genus
1687 762 1875 830 utique

190 852 502 901 nostrorum
547 853 714 900 unum
761 851 921 917 atque
965 847 1107 900 idem
1154 865 1269 900 esse
1306 848 1562 901 videatur.
1640 851 1784 918 <67>
1831 850 1876 902 si

194 941 371 990 autem
402 938 460 990 in
489 936 644 990 vobis
669 935 955 1006 Aegyptiis
987 940 1171 988 tantae
1203 936 1532 990 differentiae
1565 938 1877 1006 opinionum

195 1030 343 1097 sunt,
390 1026 518 1094 quid
562 1025 774 1077 miraris
823 1043 982 1093 super
1022 1025 1108 1077 his
1157 1025 1250 1094 qui
1298 1025 1510 1079 aliunde
1555 1027 1614 1078 in
1650 1025 1878 1080 Alexan·
1903 1051 1945 1083 10
1999 1046 2004 1082 1.

194 1115 363 1168 driam
403 1115 748 1184 advenerunt,
786 1114 832 1166 si
870 1114 928 1166 in
965 1114 1178 1183 legibus
1211 1133 1242 1166 a
1272 1114 1538 1182 principio
1570 1115 1878 1168 constitutis

194 1204 332 1256 circa
370 1203 500 1255 talia
538 1202 911 1272 permansere?
979 1203 1122 1271 <68>
1159 1202 1208 1254 is
1248 1205 1426 1254 autem
1465 1203 1627 1255 etiam
1668 1203 1881 1256 seditio-

192 1293 278 1344 nis
319 1310 503 1344 causas
543 1290 701 1343 nobis
742 1291 987 1360 apponit3
1029 1291 1121 1360 qui
1162 1290 1208 1342 si
1246 1309 1367 1343 cum
1404 1291 1633 1344 veritate
1672 1293 1739 1344 ob
1778 1292 1882 1345 hoc

195 1383 408 1433 accusat
447 1379 681 1432 Judaeos
720 1380 778 1431 in
815 1378 1140 1431 Alexandria
1178 1380 1523 1450 constitutos,
1563 1398 1657 1432 cur
1697 1398 1880 1433 omnes

192 1487 293 1521 nos
341 1467 523 1535 culpat
569 1468 769 1536 ubique
815 1468 1024 1536 positos
1073 1486 1134 1520 00
1176 1468 1318 1536 quod
1363 1486 1648 1521 noscamur
1686 1469 1882 1522 habere
1907 1491 1949 1525 15
2002 1497 2013 1506 .,

194 1555 572 1609 concordiam?
664 1556 811 1624 <69>
865 1574 1027 1624 porro
1083 1556 1245 1608 etiam
1301 1556 1579 1608 seditionis
1640 1560 1883 1618 auctores

196 1645 424 1714 quilibet
455 1644 692 1696 inveniet
716 1642 945 1712 Apionis
978 1643 1179 1696 similes
1204 1642 1690 1697 Alexandrinorum
1717 1646 1885 1698 fuisse

196 1734 352 1786 cives.
429 1733 594 1786 donec
644 1732 786 1785 enim
835 1731 1022 1785 Graeci
1075 1733 1223 1785 fuere
1278 1736 1331 1784 et
1379 1732 1694 1787 Macedones
1748 1734 1886 1786 hanc

195 1823 466 1875 civitatem
518 1821 803 1891 habenteS,
855 1820 1060 1873 nullam
1115 1820 1430 1874 seditionem
1481 1823 1733 1876 adversus
1783 1841 1884 1875 nos
2010 1886 2017 1893 Α

196 1928 430 1981 gessere,
484 1910 575 1962 sed
628 1909 866 1977 antiquis
921 1926 1124 1961 cessere
1181 1909 1626 1963 solemnitatibus.
1721 1929 1885 1979 quum
1910 1935 1954 1968 20
2011 1902 2019 1961 l

194 2018 319 2052 vero
343 1998 635 2051 multitudo
659 1997 1054 2067 Aegyptiorum
1083 1997 1336 2051 crevisset
1367 1998 1510 2051 inter
1541 2018 1632 2052 eos
1663 2003 1884 2069 propter
2015 1984 2019 1998 Ι

197 2088 537 2140 confusiones
576 2091 898 2156 temporum,
937 2086 1099 2138 etiam
1137 2086 1240 2138 hoc
1274 2104 1407 2154 opus
1441 2106 1648 2156 semper
1679 2091 1762 2140 est
1802 2089 1886 2140 ad-

197 2176 384 2228 ditum.
458 2179 707 2228 nostrum
744 2193 871 2228 vero
911 2192 1079 2245 genus
1118 2176 1415 2243 permansit
1450 2195 1659 2244 purum.
1737 2178 1885 2245 <70>

197 2265 303 2334 ipsi
356 2265 525 2335 igitur
570 2264 849 2316 molestiae
892 2264 1052 2332 hujus
1099 2263 1247 2315 fuere
1294 2263 1639 2336 principium,
1690 2284 1887 2335 nequa·
2011 2322 2020 2331 ,

199 2373 359 2424 quam
389 2353 590 2423 populo
624 2352 1020 2405 Macedonicam
1056 2351 1290 2404 habente
1322 2355 1679 2407 constantiam
1715 2373 1888 2424 neque
1913 2377 1955 2410 25
2006 2331 2025 2415 51,

197 2441 536 2512 prudentiam
590 2440 872 2510 Graecam,
934 2441 1026 2493 sed
1085 2441 1292 2493 cunctis
1356 2441 1557 2495 scilicet
1610 2442 1888 2495 utentibus
2016 2431 2024 2436 1

116 2524 118 2527 ”
197 2531 354 2584 1113118
408 2531 649 2584 moribus
696 2528 1115 2600 Aegyptiorum,
1170 2532 1223 2581 et
1273 2529 1522 2598 antiquas
1580 2531 1890 2584 inimicitias

199 2620 480 2673 adversum
525 2637 626 2672 nos
674 2617 1058 2670 exercentibus,
1136 2617 1280 2686 <71>
1329 2636 1356 2670 e
1403 2619 1613 2672 diverso
1659 2637 1890 2688 namque

197 2709 399 2762 factum
438 2712 520 2761 est
560 2707 704 2777 quod
739 2706 899 2759 nobis
938 2706 1302 2775 improperare
1339 2713 1702 2775 praesumunt.
1763 2727 1888 2761 nam

201 2817 365 2866 quum
405 2796 624 2866 plurimi
655 2814 840 2848 eorum
878 2813 988 2847 non
1020 2797 1321 2863 opportune
1346 2796 1435 2864 jus
1467 2797 1580 2865 ejus
1613 2797 1888 2850 civilitatis
1912 2819 1956 2851 30
1986 2787 1990 2790 ⁴

201 2887 504 2956 obtineant,
549 2884 861 2954 peregrinos
901 2886 1093 2935 vocant
1137 2900 1227 2936 eos
1269 2884 1362 2952 qui
1407 2884 1508 2937 hoc
1547 2886 1889 2956 privilegium

2010 1774 2032 1811 ‚i¹
