2032 3128
718 94 925 137 ΛΟΓΟΣ
956 95 1260 136 ΠΕΜΠΤΟΣ
1754 93 1827 145 45

147 230 273 295 γίαν
326 223 493 295 ἦσαν,
551 227 676 279 οὔτε
709 225 1006 296 Ῥωμαίους
1051 228 1130 289 εἰς
1175 228 1276 295 τὴν
1322 230 1485 281 πόλιν
1531 232 1827 297 τολμήσειν

145 319 225 369 ἔτι
284 319 586 383 παρελθεῖν
649 313 766 368 οὔτ’
836 314 994 368 αὐτοὶ
1055 319 1430 384 παρελθόντες
1497 316 1828 386 ἡττήσεσθαι

147 406 453 465 δοκοῦντες.
529 402 709 471 <343>
749 402 1024 456 ἐπεσκότει
1062 404 1167 472 γὰρ
1209 403 1392 457 αὐτῶν
1430 414 1548 467 ταῖς
1587 405 1829 473 γνώμαις

147 494 237 545 διὰ
284 492 379 554 τὰς
423 493 768 560 παρανομίας
815 492 845 545 ὁ
890 494 1052 559 θεός,
1096 489 1188 544 καὶ
1235 493 1361 545 οὔτε
1409 494 1511 561 τὴν
1549 491 1830 562 Ῥωμαίων

99 602 120 633 5
146 582 306 651 ἰσχὺν
354 580 464 652 ὅσῳ
513 582 718 632 πλείων
767 582 1113 633 κατελείπετο
1159 587 1256 648 τῆς
1294 579 1642 648 ἐξελαθείσης
1682 583 1830 649 ἔβλε-

142 687 277 737 πον,
331 668 457 721 οὔτε
509 669 607 721 τὸν
661 667 981 738 ὑφέρποντα
1036 669 1200 736 λιμὸν
1255 668 1453 730 αὐτοῖς.
1530 669 1713 739 <344>
1752 671 1830 721 ἔτι

143 758 247 827 γὰρ
301 764 484 826 παρῆν
537 755 751 809 ἐσθίειν
802 756 862 809 ἐκ
910 765 1022 810 τῶν
1062 758 1345 825 δημοσίων
1395 765 1578 810 κακῶν
1627 755 1719 809 καὶ
1768 759 1829 811 τὸ

143 853 238 914 τῆς
291 848 501 907 πόλεως
556 837 688 913 αἷμα
748 848 946 898 πίνειν.
1023 846 1207 898 ἔνδεια
1271 842 1332 898 δὲ
1394 847 1524 908 τοὺς
1584 845 1832 912 ἀγαθοὺς

146 933 323 1002 ἐπεῖχε
372 934 571 1001 πάλαι,
625 931 715 986 καὶ
762 934 956 987 σπάνει
1004 944 1116 987 τῶν
1168 932 1492 1003 ἐπιτηδείων
1543 934 1830 987 διελύοντο

81 1045 123 1076 10
146 1025 355 1075 πολλοί.
430 1022 611 1090 <345>
659 1023 760 1091 τὴν
808 1019 868 1075 δὲ
914 1029 1014 1076 τοῦ
1061 1027 1199 1076 λαοῦ
1248 1024 1474 1092 φθορὰν
1521 1020 1732 1075 ἑαυτῶν
1779 1023 1837 1075 οἱ

148 1109 468 1164 στασιασταὶ
492 1112 805 1181 κουφισμὸν
828 1111 1239 1180 ὑπελάμβανον·
1281 1114 1486 1180 μόνους
1509 1112 1614 1180 γὰρ
1638 1110 1833 1179 ἠξίουν

147 1200 418 1263 σώζεσθαι
473 1202 604 1263 τοὺς
657 1201 730 1269 μὴ
785 1202 1077 1269 ζητοῦντας
1122 1202 1352 1269 εἰρήνην
1396 1198 1487 1253 καὶ
1535 1200 1670 1253 κατὰ
1708 1197 1834 1252 Ῥω-

146 1290 324 1356 μαίων
380 1290 475 1356 ζῆν
520 1288 970 1359 προῃρημένους,
1024 1297 1123 1342 τοῦ
1173 1287 1221 1341 δ’
1280 1288 1535 1342 ἐναντίου
1581 1290 1836 1356 πλήθους

146 1377 329 1446 ὥσπερ
383 1377 824 1446 ὑπερβάλλοντος
885 1378 1092 1446 βάρους
1144 1377 1349 1445 ἥδοντο
1405 1374 1833 1446 δαπανωμένων.

82 1487 123 1519 15
148 1465 331 1534 <346>
371 1473 615 1519 τοιοῦτοι
662 1464 762 1535 μὲν
812 1467 879 1535 δὴ
927 1468 1064 1532 πρὸς
1109 1469 1237 1530 τοὺς
1276 1467 1442 1520 ἔνδον
1487 1462 1656 1535 ἦσαν’
1710 1463 1835 1518 Ῥω-

146 1556 343 1622 μαίους
399 1550 460 1605 δὲ
512 1553 681 1607 πάλιν
735 1561 831 1622 τῆς
885 1555 1108 1607 εἰσόδου
1166 1552 1541 1623 πειρωμένους
1591 1554 1837 1607 ἐκώλυον

144 1642 510 1713 φραξάμενοι,
565 1640 658 1695 καὶ
710 1644 771 1695 τὸ
826 1640 1164 1712 καταρριφὲν
1218 1642 1676 1713 ἀντιτειχίσαντες
1723 1652 1838 1706 τοῖς

146 1732 361 1800 σώμασι
391 1730 537 1801 τρισὶ
569 1728 670 1800 μὲν
703 1730 971 1802 ἀντέσχον
1002 1731 1230 1801 ἡμέραις
1259 1741 1533 1802 καρτερῶς
1564 1732 1837 1801 ἀμυνόμε-

145 1840 262 1890 νοι,
312 1828 376 1890 τῇ
418 1821 645 1891 τετάρτῃ
688 1818 749 1873 δὲ
786 1824 1176 1890 προσβαλόντα
1215 1824 1486 1890 γενναίως
1531 1823 1696 1874 Τίτον
1736 1821 1839 1875 οὐκ

11 1944 17 1947 <
72 1932 123 1964 >20
145 1911 413 1978 ἤνεγκαν,
469 1909 608 1962 ἀλλὰ
662 1908 988 1978 βιασθέντες
1041 1903 1076 1981 ᾗ
1130 1908 1221 1963 καὶ
1274 1912 1546 1979 πρότερον
1600 1909 1838 1979 ἀναφεύ-

147 2012 360 2066 γουσιν.
436 1998 618 2067 <347>
669 1997 697 2051 ὃ
747 1995 809 2051 δὲ
854 1999 1022 2051 πάλιν
1068 2007 1167 2052 τοῦ
1213 2002 1430 2067 τείχους
1467 2001 1739 2067 κρατήσας
1777 2001 1838 2052 τὸ

145 2086 516 2157 προσάρκτιον
565 2083 667 2155 μὲν
714 2085 926 2149 εὐθέως
971 2085 1262 2157 κατέρριψε
1310 2094 1448 2156 πᾶν,
1495 2085 1583 2139 ἐπὶ
1632 2084 1693 2140 δὲ
1738 2094 1840 2141 τοῦ

145 2176 282 2228 κατὰ
321 2178 667 2244 μεσημβρίαν
716 2176 968 2246 φρουρὰς
1005 2185 1121 2238 τοῖς
1166 2176 1399 2246 πύργοις
1437 2174 1841 2244 ἐγκαταστήσας

145 2270 220 2334 τῷ
260 2265 424 2335 τρίτῳ
464 2263 837 2333 προσβάλλειν
877 2263 1106 2317 ἐπενόει.

79 2374 121 2407 25
257 2351 442 2421 <348>
483 2350 652 2416 δόξαν
684 2351 729 2405 δ’
774 2351 1058 2406 ἐπανεῖναι
1088 2354 1226 2420 πρὸς
1258 2351 1452 2421 ὀλίγον
1483 2352 1585 2420 τὴν
1616 2355 1839 2420 πολιορ-
1874 2351 1906 2402 9

145 2443 289 2508 κίαν,
328 2438 420 2493 καὶ
462 2441 694 2511 διωρίαν
733 2444 939 2510 βουλῆς
977 2449 1093 2504 τοῖς
1129 2450 1480 2503 στασιασταῖς
1519 2449 1841 2510 παρασχεῖν,

146 2534 203 2581 εἴ
232 2548 286 2581 τι
324 2530 462 2599 πρὸς
499 2530 602 2598 τὴν
639 2532 971 2598 καθαίρεσιν
1019 2529 1237 2583 ἐνδοῖεν
1282 2537 1383 2583 τοῦ
1433 2526 1697 2597 δευτέρου
1736 2530 1841 2581 τεί-

145 2636 294 2685 χους,
333 2616 366 2685 ἢ
406 2615 498 2670 καὶ
535 2620 634 2671 τὸν
674 2620 838 2687 λιμὸν
877 2618 1270 2682 ὑποδείσαντες
1310 2616 1403 2690 (οὐ
1443 2618 1548 2687 γὰρ
1581 2618 1661 2680 εἰς
1698 2619 1841 2670 πολὺ

141 2706 241 2779 ,τὰς
287 2705 536 2775 ἁρπαγὰς
582 2707 770 2769 αὐτοῖς
818 2705 1182 2778 ἐξαρκέσειν),
1237 2708 1317 2770 εἰς
1365 2705 1496 2759 δέον
1544 2713 1842 2776 κατεχρῆτο

73 2817 123 2850 «30
146 2795 247 2863 τὴν
284 2795 491 2848 ἄνεσιν.
554 2795 734 2865 <349>
776 2794 1041 2865 ἐνστάσης
1070 2797 1175 2866 γὰρ
1207 2803 1303 2865 τῆς
1332 2797 1678 2866 προθεσμίας
1707 2792 1836 2848 καθ’

145 2882 216 2950 ἣν
255 2884 370 2937 ἔδει
410 2885 706 2938 διαδοῦναι
745 2893 862 2948 τοῖς
901 2885 1255 2956 στρατιώταις
1292 2883 1528 2955 τροφάς,
1569 2882 1629 2936 ἐν
1670 2882 1844 2937 ἀπόπ-
