2032 3128
167 2084 192 2122 2

224 77 333 130 292
778 81 879 121 ΕΙΣ
910 80 1348 122 ΜΑΚΚΑΒΑΙΟΤΣ

220 211 394 283 ἔχοιμ’
441 212 511 264 ἂν
572 212 704 281 ὑμῖν
760 211 1022 276 ἐπιδεῖξαι
1085 213 1168 265 ὅτι
1223 214 1598 283 αὐτοκράτωρ
1627 214 1740 268 ἐστὶ
1792 224 1903 268 τῶν

218 306 416 353 παθῶν
463 300 492 353 ὁ
541 303 825 369 λογισμός,
881 303 1023 354 πολὺ
1077 297 1138 353 δὲ
1181 299 1350 355 πλέον
1405 310 1566 356 τοῦτο
1621 302 1903 366 ἀποδεῖξαι

221 388 327 441 ἀπὸ
369 396 463 456 τῆς
501 387 883 457 ἀνδραγαθίας
924 397 1035 441 τῶν
1074 385 1211 457 ὑπὲρ
1253 389 1447 458 ἀρετῆς
1484 390 1903 460 ἀποθανόντων,

216 472 538 544 Ἐλεαζάρου
578 495 636 529 τε
682 475 774 529 καὶ
813 485 925 529 τῶν
963 474 1094 529 ἑπτὰ
1134 476 1390 546 ἀδελφῶν
1433 478 1523 531 καὶ
1562 486 1656 547 τῆς
1693 481 1904 533 τούτων

221 567 443 634 μητρός·
502 564 611 632 <6>
651 565 884 627 ἅπαντες
929 566 1034 633 γὰρ
1082 561 1237 618 οὗτοι
1282 563 1420 634 ὑπὲρ
1467 575 1577 619 τῶν
1622 574 1722 621 τοῦ
1766 573 1906 622 θεοῦ
1952 587 1973 620 5

220 655 409 722 νόμων
443 652 545 716 ἕως
574 653 824 707 θανάτου
855 655 1045 706 πόνων
1075 655 1607 723 καταφρονήσαντες,
1645 653 1734 708 καὶ
1766 653 1904 720 ὑπὲρ

220 745 539 811 θεοσεβείας
584 743 645 794 τὸ
694 744 790 809 ζῆν
835 741 1019 794 αὐτῶν
1064 740 1446 811 ὑπεριδόντες,
1501 741 1782 806 ἐπέδειξαν
1822 744 1906 796 ὅτι

220 838 538 899 περικρατεῖ
572 838 697 882 τῶν
720 834 920 882 παθῶν
960 829 990 883 ὁ
1031 832 1304 898 λογισμός.
1370 830 1477 899 <7>
1515 840 1626 884 τῶν
1665 828 1765 899 μὲν
1805 828 1907 885 οὖν

221 917 429 988 ἀρετῶν
484 917 676 986 ἐπέστη
739 937 831 987 μοι
886 916 1131 971 ἐπαινεῖν
1186 921 1315 981 τοὺς
1373 917 1490 972 κατ’
1543 918 1758 973 ἐκεῖνον
1810 922 1909 973 τὸν

221 1007 412 1076 καιρὸν
453 1003 591 1075 ὑπὲρ
630 1013 724 1073 τῆς
762 1009 1174 1074 καλοκαγαθίας
1213 1005 1599 1070 ἀποθανόντας
1641 1010 1774 1076 μετὰ
1812 1016 1908 1077 τῆς
1932 1029 1975 1061 10

222 1097 423 1163 μητρὸς
462 1095 692 1162 ἄνδρας,
731 1104 843 1147 τῶν
880 1092 940 1147 δὲ
978 1104 1153 1163 τιμῶν
1194 1093 1546 1164 μακαρίσαιμ’
1577 1095 1646 1149 ἂν
1687 1096 1908 1160 αὐτούς·

223 1183 331 1251 <8>
371 1181 793 1252 θαυμασθέντες
839 1184 943 1250 γὰρ
985 1183 1185 1236 ἐκεῖνοι
1225 1183 1293 1236 οὐ
1331 1185 1507 1253 μόνον
1544 1183 1651 1238 ὑπὸ
1689 1185 1911 1238 πάντων

230 1271 548 1340 ἀνθρώπων
580 1269 667 1324 ἐπὶ
699 1279 762 1341 τῇ
803 1270 1032 1342 ἀνδρεία
1071 1270 1162 1324 καὶ
1193 1271 1466 1341 ὑπομονῇ,
1504 1271 1643 1326 ἀλλά
1681 1271 1772 1326 καὶ
1803 1274 1910 1327 ὑπὸ

221 1369 333 1412 τῶν
380 1358 874 1429 καταικισαμένων,
930 1365 1097 1413 αἴτιοι
1141 1359 1478 1429 κατέστησαν
1531 1368 1630 1414 τοῦ
1680 1366 1912 1415 καταλυ-

221 1454 392 1516 θῆναι
448 1450 547 1517 τὴν
600 1449 735 1501 κατὰ
789 1456 888 1501 τοῦ
944 1451 1147 1510 ἔθνους
1198 1450 1531 1517 τυραννίδα,
1590 1451 1913 1518 νικήσαντες
1937 1468 1979 1502 15

57 1528 62 1531 ¹
140 1571 142 1573 -
221 1539 318 1589 τὸν
371 1538 648 1606 τύραννον
705 1545 769 1606 τῇ
824 1537 1108 1605 ὑπομονῇ,
1170 1538 1308 1590 ὥστε
1361 1542 1778 1606 καθαρισθῆναι
1833 1536 1902 1591 δι’

223 1625 404 1678 αὐτῶν
450 1626 551 1693 τὴν
597 1627 846 1694 πατρίδα.
923 1625 1049 1694 <9>
1087 1624 1226 1679 ἀλλά
1273 1623 1364 1678 καὶ
1410 1623 1536 1694 περὶ
1580 1633 1679 1679 τοῦ
1727 1628 1913 1694 ζητου-

223 1712 393 1781 μένου
441 1713 634 1766 αὐτίκα
683 1715 750 1782 δὴ
810 1713 991 1782 λέγειν
1037 1712 1246 1777 ἐξέσται
1294 1712 1579 1786 ἀρξαμένω
1633 1721 1727 1782 τῆς
1779 1715 1914 1768 ὑπο-

222 1800 458 1870 θέσεως,
513 1803 696 1871 ὥσπερ
744 1804 1023 1870 εἰώθαμεν
1069 1811 1276 1870 ποιεῖν,
1331 1800 1422 1855 καὶ
1469 1802 1643 1865 οὕτως
1688 1805 1767 1865 εἰς
1815 1805 1913 1856 τὸν

222 1888 348 1958 περὶ
393 1890 577 1944 αὐτῶν
622 1889 913 1959 τρέψομαι
941 1893 1135 1959 λόγον,
1190 1889 1357 1953 δόξαν
1410 1891 1602 1953 διδοὺς
1649 1898 1724 1962 τῷ
1776 1909 1913 1944 παν-
1939 1914 1981 1946 20

226 1981 383 2051 σόφῳ
421 1984 554 2050 θεῷ.

338 2068 482 2136 <10>
524 2070 788 2136 ζητοῦμεν
828 2069 896 2136 δὴ
936 2070 1130 2121 τοίνυν
1169 2068 1221 2120 εἰ
1256 2067 1609 2136 αὐτοκράτωρ
1650 2066 1764 2120 ἐστὶ
1804 2077 1914 2121 τῶν

223 2160 422 2208 παθῶν
462 2156 491 2209 ὁ
540 2158 823 2225 λογισμός,
871 2154 962 2209 καὶ
1002 2157 1359 2225 διακρίνομεν
1397 2158 1456 2208 τί
1495 2154 1630 2209 ποτέ
1670 2155 1785 2209 ἐστι
1824 2161 1915 2210 λο-

225 2246 419 2314 γισμὸς
456 2243 548 2297 καὶ
586 2248 644 2298 τί
676 2245 883 2314 πάθος,
934 2243 1025 2298 καὶ
1062 2248 1230 2298 πόσαι
1269 2246 1331 2298 αἱ
1365 2255 1475 2298 τῶν
1512 2250 1712 2298 παθῶν
1753 2243 1916 2314 ἰδέαι,

224 2332 315 2386 καὶ
369 2335 421 2386 εί
470 2333 692 2386 πάντων
746 2333 1023 2404 ἐπικρατεῖ
1067 2334 1279 2387 τούτων
1328 2334 1357 2387 ὁ
1413 2335 1688 2402 λογισμός.
1773 2333 1917 2402 <11>
1942 2355 1983 2387 25

227 2423 487 2491 λογισμὸς
545 2419 645 2491 μὲν
699 2426 892 2475 τοίνυν
948 2421 1062 2476 ἐστὶ
1115 2431 1250 2484 νοῦς
1311 2423 1443 2491 μετὰ
1506 2422 1685 2490 ὀρθοῦ
1746 2424 1917 2489 λόγου

227 2519 508 2581 προτιμῶν
554 2512 652 2563 τὸν
699 2518 796 2578 τῆς
839 2513 1036 2580 σοφίας
1079 2514 1222 2580 βίον,
1272 2513 1440 2580 σοφία
1479 2505 1529 2563 δ’
1561 2508 1674 2563 ἐστὶ
1713 2520 1918 2578 γνῶσις

227 2602 402 2652 θείων
448 2597 538 2652 καὶ
585 2599 959 2670 ἀνθρωπίνων
1013 2600 1349 2669 πραγμάτων
1394 2597 1486 2652 καὶ
1539 2607 1651 2651 τῶν
1703 2599 1917 2651 τούτων

230 2689 435 2741 αἰτίων.
513 2688 649 2756 αὕτη
698 2689 766 2757 δὴ
815 2691 1008 2742 τοίνυν
1056 2687 1204 2742 ἐστὶν
1242 2688 1276 2757 ἡ
1316 2695 1416 2741 τοῦ
1461 2690 1639 2756 νόμου
1677 2689 1917 2755 παιδεία,

231 2775 301 2829 δι’
334 2773 398 2845 ἧς
435 2778 500 2830 τὰ
531 2783 660 2831 θεῖα
691 2786 903 2846 σεμνῶς
937 2775 1028 2830 καὶ
1059 2779 1124 2830 τὰ
1164 2777 1491 2843 ἀνθρώπινα
1524 2779 1917 2845 συμφερόντως
1940 2797 1982 2829 3ο

231 2867 603 2935 μανθάνομεν.
682 2866 825 2934 <12>
869 2874 965 2935 τῆς
1012 2864 1073 2919 δὲ
1120 2869 1318 2935 σοφίας
1357 2865 1498 2919 ι’δέαι
1546 2867 1916 2933 καθεστήκασι
