2032 3128
666 136 1018 182 ADNOTATIO
1051 137 1298 181 CRITICA.
1708 139 1815 183 XIII

135 275 365 329 δημοτῶν·
408 273 615 328 ζηλωτῶν
646 270 692 315 C.
726 298 782 303 -—
814 276 839 324 ξ
869 274 957 313 440
988 270 1228 325 πτώματα·
1262 270 1469 327 κτήματα
1500 271 1549 314 L.
1584 297 1640 302 —
1672 276 1696 325 ξ
1727 276 1812 314 441

132 354 224 391 τῶν
255 346 421 401 Herw.,
454 344 505 388 ἐκ
535 352 627 389 τῶν
657 344 747 402 vlg.
781 371 838 376 —
870 349 895 397 ἓ
924 348 1011 387 442
1044 341 1278 388 συνελόντι
1309 343 1406 401 Ns.,
1440 342 1688 389 συνελόντα
1721 344 1813 401 vlg.

133 447 189 452 —
222 425 245 472 ξ
268 424 354 462 443
386 418 466 462 καὶ
497 415 622 462 νόθα
653 417 690 460 P
701 416 863 473 AMC,
896 422 1223 472 καινοτομοῦσι
1256 416 1374 461 κατά
1405 418 1455 474 L,
1487 424 1815 473 καινοτομοῦσι

132 491 374 542 θανάτους
411 491 514 535 VR.
556 517 612 523 —-
652 497 676 545 ξ
715 496 800 534 447
839 506 961 540 τινες
999 488 1082 545 μέν
1121 489 1225 546 RC,
1272 506 1393 541 τινες
1430 491 1528 536 rell.
1570 519 1625 524 —
1665 497 1689 546 ξ
1726 495 1812 534 449

133 566 193 622 μὴ
218 564 545 615 λανθάνοντας
561 591 616 597 -
634 562 906 608 ἁλίσκεσθαι
929 563 1092 620 Lugd.,
1124 563 1452 615 λανθάνοντας
1467 592 1523 596 —
1542 563 1816 609 ἁλίσκεσθαι

131 639 246 695 rell.‚
286 639 568 695 restabantque
606 639 702 682 iam
733 639 963 683 latitantes
993 638 1143 694 eyredi
1173 643 1214 682 et
1244 638 1301 681 ab
1331 638 1531 682 hostibus
1561 639 1666 694 capi
1695 638 1814 694 Lat„

134 712 462 763 λανθάνοντας
491 739 547 745 --
579 711 639 768 μὴ
672 710 943 756 ἁλίσκεσθαι
975 711 1048 754 vel
1081 710 1230 755 simile
1262 711 1388 755 Dest.
1421 738 1477 743 -—
1510 717 1534 765 ξ
1565 717 1651 755 449
1684 712 1811 762 τούς·

133 786 199 837 εἰς
236 786 344 837 τούς
373 785 625 830 MLVRO.
661 812 713 818 —-
747 792 771 840 ἓ
801 791 888 830 449
929 782 1023 829 δέει
1062 791 1143 841 τῆς
1180 785 1408 836 κολάσεως
1438 785 1544 829 add.
1576 785 1722 829 LLat.
1757 812 1813 817 ——

132 865 157 913 ξ
187 864 275 903 450
315 857 613 916 φυλαξόντων
651 859 871 916 MLugd.,
912 858 1217 915 φυλαξάντων
1256 858 1542 903 PALVRC.
1576 885 1632 890 —
1671 864 1696 913 ξ
1726 864 1815 902 450

130 932 234 991 τάχ’
272 933 332 978 ἄν
362 934 424 990 A,
455 933 575 991 τάχα
606 934 663 990 Ρ,
696 933 815 991 τάχα
846 931 900 977 δέ
928 933 998 988 Μ,
1029 940 1220 990 ταχεῖαν
1250 933 1308 989 L,
1340 932 1460 991 τάχα
1491 931 1536 976 δ’
1574 931 1634 977 ἄν
1657 931 1815 988 VRC,

132 1006 253 1064 τάχα
292 1005 336 1064 γ’
382 1007 441 1052 ἄν
479 1008 626 1065 Lugd.
669 1035 720 1039 -
763 1013 787 1062 ξ
825 1011 909 1050 451
953 1007 994 1050 εἰ
1030 1006 1110 1063 μή·
1153 1007 1213 1057 ὡς
1252 1007 1293 1050 εἰ
1331 1006 1392 1063 μή
1423 1007 1549 1051 Dest.
1583 1032 1638 1039 —
1672 1012 1696 1061 ξ
1726 1011 1813 1050 453
1894 1058 1897 1061 Γ

133 1079 420 1137 αὐτομόλων·
454 1082 753 1139 αἰχμαλώτων
784 1081 925 1137 Dest„
952 1080 1055 1124 coll.
1081 1086 1106 1135 ξ
1128 1086 1229 1125 447.
1256 1108 1312 1113 —
1336 1087 1361 1136 ἓ
1384 1085 1470 1125 453
1502 1078 1818 1136 κρεμαμένους

132 1154 275 1212 Dest„
316 1152 683 1211 κεκρατημένους
721 1154 811 1211 vlg.
854 1181 910 1186 ——
950 1160 975 1208 ξ
1012 1159 1100 1198 454
1141 1155 1227 1198 εἰσὶ
1267 1153 1312 1198 δ’
1357 1153 1411 1198 οῖ’
1440 1153 1649 1210 PAML,
1694 1153 1815 1210 εἴσω,

134 1229 249 1274 ἔνιοι
303 1227 356 1274 δέ
408 1228 555 1273 VRC.
614 1255 662 1260 —
721 1234 746 1282 ξ
792 1233 878 1272 456
934 1227 1267 1283 ἀκολουθήσων
1321 1227 1420 1284 LC,
1475 1227 1816 1282 ἀκολουθήσειν

131 1304 388 1348 PAMVR.
433 1329 488 1336 —-
532 1308 556 1358 ξ
594 1307 680 1347 457
724 1306 786 1362 τῷ
829 1301 967 1362 λόγῳ·
1013 1302 1095 1347 τὸν
1137 1300 1274 1360 λόγον
1315 1302 1377 1346 Μ.
1418 1329 1474 1334 -
1515 1306 1539 1356 ξ
1576 1307 1662 1346 457
1707 1302 1813 1346 οὐκ·

134 1376 286 1422 οὐκέτι
317 1378 366 1421 L.
403 1405 454 1410 -
489 1383 513 1432 ξ
545 1382 632 1421 458
663 1384 760 1428 τοῖς
790 1404 846 1409 -
879 1374 1214 1434 ἀπολουμένοις
1244 1375 1456 1432 MVRC,
1496 1382 1578 1432 τῆς
1608 1401 1664 1408 -
1697 1374 1814 1419 ἀπο-

131 1450 354 1509 λουμένης
392 1452 497 1508 ΡΑ,
537 1459 635 1502 τοῖς
674 1477 727 1483 -
769 1448 1165 1507 ἀποκαλουμένοις
1201 1450 1251 1494 L.
1285 1477 1341 1482 —
1373 1455 1398 1504 ἓ
1429 1454 1515 1493 458
1554 1447 1672 1494 ναόν
1712 1449 1814 1505 ΒΚ,

133 1533 252 1570 ναοῦ
290 1526 381 1583 vlg.
415 1553 471 1557 —
510 1531 535 1580 ξ
565 1530 651 1570 458
692 1523 885 1582 ἀμείνω·
928 1523 1217 1582 ἀπολομένου
1256 1522 1428 1581 ἀμείνω
1466 1523 1573 1580 PR,
1615 1522 1816 1567 ἀπολου-

133 1597 274 1655 μένου
314 1597 485 1655 ἀμείνω
517 1598 729 1655 AMVO,
768 1596 1152 1654 πυρπολουμένου
1183 1599 1239 1655 L,
1281 1597 1407 1654 quod
1444 1596 1664 1653 placebat
1693 1596 1810 1640 le.

133 1700 189 1706 —
221 1679 245 1728 ξ
277 1677 363 1716 459
403 1671 635 1731 χλευάζειν
658 1671 866 1728 LVRC,
907 1671 1144 1729 χλευάσειν
1174 1672 1211 1715 Ρ
1221 1671 1429 1716 AMLat.
1463 1698 1519 1704 -—
1552 1677 1576 1725 ἓ
1606 1676 1691 1715 461
1725 1670 1814 1728 γάρ

131 1746 289 1803 VBG,
323 1745 375 1791 δέ
404 1746 462 1803 L,
496 1745 583 1804 γὰρ
616 1745 675 1801 δή
705 1746 862 1789 ΡΑΜ.
889 1772 943 1778 -
968 1752 992 1800 ἓ
1016 1751 1103 1790 462
1138 1744 1273 1805 ὀλίγῳ
1304 1745 1361 1789 τὰ
1391 1752 1473 1802 τῆς
1502 1743 1669 1801 τόλμης
1692 1744 1814 1800 ΑΜ,

133 1820 411 1878 ὀλιγωτάτης
455 1819 621 1877 τόλμης
659 1820 762 1876 PL,
810 1818 945 1880 ὀλίγῳ
985 1819 1070 1876 τὴν
1108 1818 1282 1876 τόλμαν
1320 1818 1476 1876 VRC,
1511 1816 1691 1876 ὀλίγων
1729 1818 1815 1875 τὴν

131 1893 305 1952 τόλμαν
328 1895 428 1952 ΒΚ,
462 1893 594 1952 ὀλίγα
626 1895 698 1938 vel
731 1893 887 1952 ὀλίγον
918 1901 998 1951 τῆς
1028 1892 1194 1950 τόλμης
1215 1894 1342 1938 Desb.
1370 1920 1426 1925 —
1450 1898 1474 1947 ξ
1497 1898 1583 1937 462
1617 1895 1815 1948 διαμαρ-

131 1969 310 2014 τάνειν·
365 1968 706 2014 διαλανθάνειν
748 1969 797 2012 L.
840 1996 895 2000 —
935 1974 959 2023 ξ
991 1972 1079 2012 464
1118 1968 1268 2025 ἰσχύν·
1315 1968 1498 2012 σύνεσιν
1542 1966 1818 2010 dubitanter

130 2043 280 2087 Herw.
315 2070 370 2075 -—
403 2049 427 2098 ξ
450 2048 538 2086 464
567 2041 850 2096 τοξευόντων
882 2042 1022 2099 Dest„
1055 2042 1255 2096 τοξεύων
1286 2042 1376 2099 vlg.
1403 2069 1459 2074 —
1483 2047 1508 2097 ξ
1531 2046 1617 2085 466
1649 2040 1732 2092 τὰς
1755 2067 1812 2072 -

131 2115 304 2173 ἡμέρας
341 2117 508 2173 Hem„
550 2125 653 2168 ταῖς
691 2144 748 2150 —
786 2115 978 2174 ἡμέραις
1008 2116 1099 2174 vlg.
1132 2144 1188 2148 —
1221 2121 1246 2170 ξ
1276 2120 1362 2160 467
1393 2115 1445 2160 τὸ
1479 2114 1574 2159 ἐπί·
1614 2123 1707 2160 τῶν
1739 2112 1815 2158 ἐπί

130 2190 257 2235 Dest.
292 2191 394 2235 coll.
428 2197 452 2245 ξ
485 2196 583 2235 356.
618 2219 673 2224 —-
705 2198 730 2245 ξ
760 2196 846 2235 467
880 2189 1150 2247 Στρουθίου
1181 2190 1236 2247 C,
1268 2197 1350 2234 τοῦ
1381 2187 1519 2234 θείου
1550 2188 1814 2245 PAMVR,

129 2272 212 2309 τοῦ
260 2263 512 2321 στρουθίου
554 2266 604 2310 L.
645 2293 700 2298 -
741 2271 765 2320 ξ
795 2271 880 2310 467
926 2266 1112 2316 διεστὼς
1153 2265 1295 2321 Βθεῇ.,
1344 2266 1583 2314 διεστῶτος
1624 2263 1714 2320 vlg.
1756 2290 1813 2295 —-

128 2345 153 2394 ξ
185 2344 271 2383 468
305 2339 480 2397 ἐχώννυ
503 2340 666 2398 Lugd.‚
700 2339 805 2398 ἔχου
829 2339 992 2396 MVC,
1025 2339 1190 2397 ἔχουσα
1221 2339 1258 2381 P
1267 2338 1328 2395 A,
1362 2337 1544 2396 ἔχουσιν
1566 2337 1673 2393 LR,
1708 2336 1815 2394 ἔχου

129 2412 187 2457 τά
212 2413 338 2457 Dest.
372 2441 428 2446 —
461 2419 484 2468 ξ
515 2419 601 2458 469
634 2422 725 2459 τῶν
750 2413 982 2471 ὀργάνων·
1017 2414 1169 2459 αὐτῶν
1193 2413 1229 2456 P
1239 2413 1292 2457 A.
1319 2439 1374 2445 —
1400 2418 1425 2467 ξ
1448 2416 1534 2456 469
1559 2411 1811 2467 διάστημα·

132 2501 156 2531 e
189 2487 368 2531 Zonara
403 2488 589 2545 supplet
612 2488 757 2532 Huds.
785 2515 840 2520 —-
865 2494 890 2543 ξ
920 2491 1006 2531 469
1038 2485 1172 2544 ὕλην·
1206 2480 1290 2544 τὴν
1322 2485 1436 2543 ὕλην
1467 2485 1566 2529 PA.
1595 2513 1651 2517 —
1677 2490 1701 2538 ξ
1725 2489 1810 2528 471

129 2563 338 2617 πτώματι
368 2561 468 2618 LC,
500 2559 749 2618 πταίσματι
780 2561 1037 2605 PAMVR.
1071 2588 1126 2594 —
1159 2567 1183 2615 ἓ
1214 2565 1298 2604 471
1333 2559 1602 2617 ἐρρήγνυτο·
1632 2557 1813 2616 ἐγίνετο

129 2634 179 2691 L,
212 2634 418 2692 ἠγείρετο
451 2634 497 2691 C,
531 2637 782 2692 apparebat
812 2635 929 2691 Lan,
962 2636 1112 2692 erupit
1141 2635 1323 2693 Heges„
1362 2632 1662 2690 ἐξερρήγνυτο
1686 2633 1812 2677 Dest.

131 2736 187 2741 -
220 2715 247 2763 ἓ·
268 2714 354 2752 472
387 2708 653 2766 κρατήσειν·
687 2718 874 2765 κρατεῖν
904 2709 988 2754 Ns.
1022 2737 1083 2753 —-1
1111 2715 1135 2764 ξ
1159 2714 1245 2753 472
1277 2709 1358 2754 καὶ
1390 2708 1449 2751 εἰ·
1485 2705 1509 2752 ὃ
1541 2706 1631 2763 κᾶν
1661 2707 1812 2752 Herw.

131 2809 188 2815 —
213 2789 237 2837 ξ
261 2788 348 2828 473
381 2782 471 2841 ἤδη
498 2798 585 2828 om.
611 2783 710 2829 PA.
738 2811 792 2816 -—
818 2789 842 2838 ξ
867 2788 953 2827 474
976 2785 1057 2828 καὶ
1078 2782 1370 2840 Μαριάμμης
1392 2781 1493 2837 ΒΚ,
1525 2780 1817 2838 Μαριάμμης

132 2856 224 2914 vlg.
258 2885 315 2890 —
347 2863 372 2912 ἓ
402 2863 491 2902 474
522 2855 756 2915 Χαγείρας
778 2858 940 2915 Huds.,
972 2859 1051 2903 καὶ
1084 2856 1250 2916 ἀγίρας
1273 2855 1573 2913 PAMLRC,
1606 2871 1813 2913 καιαγει-

131 2948 216 2985 ρας
239 2931 294 2975 V.
328 2958 383 2964 --
416 2937 440 2986 ξ
463 2936 548 2976 477
583 2931 634 2976 δὲ
666 2930 765 2976 καί·
800 2931 853 2976 δέ
882 2932 1038 2976 ΡΑΜ.
1071 2959 1128 2965 —
1160 2938 1184 2987 ξ
1208 2937 1293 2976 479
1328 2931 1376 2975 ἐκ
1407 2937 1512 2975 τοῦ·
1546 2928 1693 2986 πυρός
1724 2944 1812 2974 om.
