2032 3128
706 91 916 134 ΛΟΓΟΣ
946 92 1248 134 ΠΕΜΠΤΟΣ
1730 90 1802 142 23

129 228 260 294 μίαν
299 221 439 277 εἶναι
477 222 681 293 πέτραν
732 223 1178 293 ἀναπεφυκυῖαν,
1227 226 1408 278 ἔπειτα
1459 222 1521 278 δὲ
1570 223 1807 294 περιεξέ-

129 319 261 366 σθαι
284 311 436 382 χερσὶ
461 321 720 382 τεχνιτῶν
747 314 824 375 εἰς
852 319 1030 382 σχῆμα
1054 310 1144 365 καὶ
1169 315 1392 380 γωνίας·
1435 313 1608 376 οὕτως
1640 313 1804 366 οὐδα-

128 403 302 470 μόθεν
355 401 388 468 ἡ
446 400 716 470 συνάφεια
770 408 865 469 τῆς
917 399 1182 470 ἁρμονίας
1237 401 1562 469 διεφαίνετο.
1623 401 1806 470 <176>

126 488 396 558 κειμένοις
437 485 499 542 δὲ
535 491 672 559 πρὸς
709 489 912 559 ἄρκτον
952 489 1138 551 αὐτοῖς
1178 489 1414 542 ἔνδοθεν
1448 489 1481 557 ἡ
1514 497 1611 543 τοῦ
1650 493 1806 558 βασι-

82 599 104 631 5
127 576 261 640 λέως
292 578 433 646 αὐλὴ
464 575 844 647 προσέζευκτο,
873 578 1076 639 παντὸς
1107 580 1276 646 λόγου
1310 579 1585 645 κρείττων.
1625 578 1806 647 <177>

126 666 249 718 οὔτε
297 667 401 734 γὰρ
447 668 800 727 πολυτελείας
847 666 972 718 οὔτε
1019 674 1354 734 κατασκευῆς
1403 686 1553 728 τινος
1592 669 1806 720 ἔλειπεν

123 754 455 824 ὑπερβολήν,
504 753 641 807 ἀλλὰ
680 755 974 823 τετείχιστο
1014 750 1115 822 μὲν
1154 755 1335 807 ἅπασα
1373 755 1667 824 τριάκοντα
1705 756 1805 823 πή-

122 862 234 912 χεις
279 844 338 896 τὸ
385 842 527 906 ὕψος
572 842 753 912 κύκλῳ
799 839 912 894 κατ’
963 846 1085 894 ἴσον
1133 842 1429 911 διάστημα,
1475 841 1806 911 κεκοσμημέ-

122 950 242 993 νοις
289 927 350 983 δὲ
394 931 628 1000 πύργοις
676 930 955 998 διείληπτο
1004 928 1255 999 ἀνδρῶσί
1294 950 1352 983 τε
1401 934 1676 999 μεγίστοις
1713 928 1805 983 καὶ

56 1042 98 1073 10
122 1020 200 1080 εἰς
240 1017 479 1093 ξενῶνας
518 1016 1028 1083 ἑκατοντακλίνους,
1071 1019 1252 1087 <178>
1292 1018 1351 1072 ἐν
1391 1012 1474 1082 οἷς
1513 1018 1803 1087 ἀδιήγητος

119 1103 220 1175 μὲν
259 1107 291 1175 ἡ
331 1110 575 1160 ποικιλία
613 1115 723 1159 τῶν
763 1109 944 1159 λίθων
991 1103 1061 1174 ἦν
1113 1106 1379 1177 (συνῆκτο
1420 1108 1524 1178 γὰρ
1562 1109 1735 1170 πολὺς
1775 1107 1804 1161 ὁ

117 1203 399 1264 πανταχοῦ
454 1192 735 1267 σπάνιος),
796 1194 1110 1264 θαυμασταὶ
1168 1191 1219 1248 δ’
1280 1195 1482 1266 ὀροφαὶ
1537 1199 1696 1265 μήκει
1748 1215 1806 1249 τε

119 1286 300 1338 δοκῶν
339 1282 431 1336 καὶ
471 1286 807 1355 λαμπρότητι
845 1284 1338 1353 προκοσμημάτων.
1413 1284 1595 1353 <179>
1637 1290 1806 1338 οἴκων

118 1370 179 1425 δὲ
217 1378 458 1442 πλῆθος,
504 1371 594 1425 καὶ
638 1370 903 1442 διαφοραὶ
943 1373 1235 1442 σχημάτων
1272 1371 1399 1443 περὶ
1437 1374 1667 1436 τούτους
1704 1394 1806 1442 μυ-

50 1483 95 1516 15
119 1464 255 1529 ριάι·
303 1464 442 1514 πᾶσί
483 1481 543 1529 γε
591 1463 702 1530 μὴν
747 1460 1048 1515 ἀποσκευαὶ
1094 1463 1344 1530 πλήρεις,
1394 1459 1485 1514 καὶ
1530 1462 1596 1514 τὰ
1634 1465 1804 1515 πλείω

115 1558 228 1603 τῶν
267 1549 326 1602 ἐν
368 1548 616 1612 ἑκάστοις
654 1548 924 1619 κειμένων
965 1549 1019 1614 ἐξ
1061 1549 1309 1620 ἀργύρου
1348 1569 1404 1602 τε
1443 1549 1535 1603 καὶ
1578 1559 1803 1620 χρυσοῦ.

116 1637 299 1706 <18Ο>
338 1641 601 1708 περίστοα
643 1636 703 1691 δὲ
744 1637 816 1692 δι’
864 1638 1118 1707 ἀλλήλων
1159 1638 1219 1692 ἐν
1257 1643 1439 1711 κυκλςο
1477 1640 1673 1708 πολλά,
1711 1639 1803 1692 καὶ

117 1731 306 1779 στῦλοι
344 1729 481 1797 πρὸς
521 1725 727 1801 ἑκάστῳ
769 1728 1044 1798 διάφοροι.
1107 1728 1173 1780 τά
1211 1748 1272 1796 γε
1312 1730 1421 1797 μὴν
1459 1729 1671 1781 τούτων
1703 1728 1804 1781 ὕπ-

115 1820 287 1883 αιθρα
326 1823 608 1885 πανταχοῦ
648 1817 866 1886 χλοερά,
905 1816 1087 1885 <181>
1122 1815 1212 1869 καὶ
1252 1819 1496 1870 ποικίλαι
1534 1814 1635 1885 μὲν
1674 1813 1805 1870 ὗλαι

10 1926 14 1929 ’
47 1926 91 1958 20
115 1902 315 1974 μακροὶ
357 1902 418 1957 δὲ
458 1903 526 1957 δι’
576 1905 759 1958 αὐτῶν
798 1908 1113 1974 περίπατοι,
1151 1904 1243 1958 καὶ
1274 1904 1399 1975 περὶ
1438 1906 1669 1967 τούτους
1715 1906 1805 1958 εὔ-

114 2011 267 2063 ριποι
306 1996 502 2062 βαθεῖς
543 1992 839 2063 δεξαμεναί
880 2013 936 2046 τε
983 1998 1264 2064 πολλαχοῦ
1303 1993 1806 2063 χαλκουργημάτων

112 2085 424 2153 περίπλεοι,
472 2079 543 2134 δι’
592 2077 670 2134 ὧν
716 2084 777 2135 τὸ
817 2081 970 2152 ὕδωρ
1011 2081 1271 2151 ἐξεχεῖτο,
1318 2079 1407 2135 καὶ
1446 2080 1642 2135 πολλοὶ
1681 2081 1807 2152 περὶ

112 2171 178 2223 τὰ
232 2170 448 2239 νάματα
500 2171 705 2240 πύργοι
759 2170 1067 2223 πελειάδων
1121 2169 1356 2240 ἡμέρων.
1437 2170 1619 2239 <182>
1666 2169 1806 2224 ἀλλὰ

22 2295 24 2297 >
111 2261 217 2329 γὰρ
259 2258 382 2313 οὔθ’
434 2257 767 2329 ἑρμηνεῦσαι
809 2260 1051 2312 δυνατὸν
1091 2257 1254 2323 ἀξίως
1291 2259 1358 2311 τὰ
1396 2262 1674 2327 βασίλεια,
1712 2258 1805 2313 καὶ

45 2370 89 2403 25
114 2346 271 2418 φέρει
325 2348 574 2417 βάσανον
624 2348 658 2416 ἡ
710 2349 923 2417 μνήμη,
977 2348 1072 2411 τὰς
1124 2355 1223 2401 τοῦ
1278 2352 1576 2418 λῃστρικοῦ
1631 2349 1807 2415 πυρὸς

113 2437 362 2500 δαπάνας
408 2435 788 2506 ἀναφέρουσα·
848 2435 1031 2506 <183>
1079 2436 1146 2490 οὐ
1192 2437 1297 2506 γὰρ
1343 2444 1513 2490 ταῦτα
1552 2434 1806 2505 Ῥωμαῖοι

111 2524 477 2595 κατέφλεξαν,
519 2523 638 2578 ἀλλ’
683 2526 791 2579 ὑπὸ
831 2534 943 2578 τῶν
983 2527 1149 2578 ἔνδον
1190 2525 1521 2594 ἐπιβούλων,
1560 2524 1634 2587 ὡς
1671 2541 1806 2593 προ-

111 2617 437 2683 ειρήκαμεν,
488 2614 549 2667 έν
600 2613 738 2684 ἀρχῇ
789 2621 885 2683 τῆς
936 2613 1286 2676 ἀποστάσεως
1336 2611 1805 2683 κατεφλέχθησαν.

110 2702 251 2762 κάπὸ
306 2700 408 2771 μὲν
461 2710 556 2771 τῆς
605 2700 901 2765 Ἀντωνίας
950 2701 1151 2774 ἤρξατο
1199 2704 1259 2756 τὸ
1311 2710 1447 2771 πῦρ,
1502 2700 1699 2770 μετέβη
1749 2699 1795 2754 δ’
1882 2771 1885 2774 y

41 2811 89 2845 30
115 2789 202 2844 ἐπὶ
249 2792 315 2844 τὰ
362 2794 639 2861 βασίλεια,
687 2789 778 2844 καὶ
825 2800 937 2844 τῶν
983 2800 1154 2860 τριῶν
1200 2791 1428 2861 πύργων
1475 2791 1571 2853 τὰς
1611 2789 1807 2858 στέγας

112 2879 442 2949 ἐπενεμήθη.
