2032 3128
687 99 897 141 ΛΟΓΟΣ
929 99 1230 140 ΠΕΜΠΤΟΣ
1729 97 1801 149 35

120 231 443 300 αὐτομόλων
480 230 836 300 διδαχθέντες
876 230 1113 301 ἐχρῶντο
1153 241 1330 294 κακῶς
1367 241 1482 294 τοῖς
1521 232 1801 301 ὀργάνοις·

117 320 348 390 χερμάσι
395 317 456 373 δὲ
501 318 592 372 καὶ
638 319 816 383 τόξοις
863 322 992 381 τοὺς
1045 320 1362 388 χωννύντας
1412 321 1648 389 ἔβαλλον
1695 320 1801 374 ἀπὸ

116 417 214 462 τοῦ
269 412 506 477 τείχους,
559 406 650 460 καὶ
704 408 839 460 κατὰ
894 405 1176 470 συντάξεις
1224 406 1569 478 ἐκτρέχοντες
1615 409 1802 471 αὐτοῖς

117 496 532 550 συνεπλέκοντο.
610 497 793 566 <269>
839 506 954 559 τοῖς
1008 490 1062 548 δ’
1105 495 1486 565 ἐργαζομένοις
1539 495 1645 550 ἀπὸ
1700 493 1802 564 μὲν

69 607 90 639 5
114 595 223 639 τῶν
253 588 433 654 βελῶν
456 580 528 652 ἧν
552 583 720 652 σκέπη
748 584 916 654 γέρρα
946 593 1058 637 τῶν
1081 585 1490 653 χαρακωμάτων
1512 586 1801 655 ὑπερτετα-

111 672 273 743 μένα,
312 674 378 726 τὰ
418 671 470 725 δ’
499 672 767 742 ἀφετήρια
804 674 942 742 πρὸς
979 675 1109 735 τοὺς
1148 672 1466 736 ἐκθέοντας·
1507 674 1802 742 θαυμαστὰ

25 811 28 814 ,
112 760 174 816 δὲ
211 770 344 815 πᾶσι
383 759 484 831 μὲν
524 762 920 815 κατεσκεύαστο
959 771 1075 823 τοῖς
1113 762 1374 830 τάγμασι,
1418 763 1698 831 διαφόρως
1738 758 1800 814 δὲ

109 858 184 922 τῷ
233 851 440 923 δεκάτῳ
486 853 791 919 βιαιότεροί
830 848 876 902 τ’
910 849 1190 918 ὀξυβελεῖς
1234 848 1326 902 καὶ
1374 852 1595 919 μείζονα
1643 853 1799 903 λιθο-

108 941 272 1008 βόλα,
320 936 392 992 δι’
433 934 511 991 ὧν
559 939 626 991 οὐ
673 941 848 1007 μόνον
887 939 984 1001 τὰς
1030 937 1301 1007 ἐκδρομὰς
1348 937 1487 991 ἀλλὰ
1533 936 1625 990 καὶ
1671 940 1800 1000 τοὺς

21 1048 84 1082 Αιο
108 1026 196 1080 ἐπὶ
250 1036 349 1081 τοῦ
403 1030 617 1096 τείχους
672 1024 988 1093 ἀνέτρεπον.
1073 1027 1256 1095 (270)
1301 1031 1641 1080 ταλαντιαῖοι
1697 1023 1799 1095 μὲν

12 1110 15 1114 ’
106 1117 210 1183 γὰρ
260 1112 404 1184 ἦσαν
451 1117 509 1169 οἱ
558 1118 892 1185 βαλλόμενοι
945 1113 1159 1185 πέτροι,
1217 1116 1320 1169 δύο
1367 1112 1429 1167 δὲ
1482 1113 1573 1168 καὶ
1628 1115 1798 1168 πλέον

105 1198 249 1275 ᾖσαν
305 1206 585 1267 σταδίους·
657 1205 690 1273 ἡ
744 1205 925 1272 πληγὴ
982 1201 1043 1278 δὲ
1100 1204 1167 1257 οὐ
1222 1213 1338 1266 τοῖς
1397 1211 1798 1272 προεντυχοῦσι

104 1295 297 1361 μόνον,
338 1291 426 1346 ἐπὶ
464 1295 607 1346 πολὺ
650 1289 711 1345 δὲ
756 1291 848 1345 καὶ
888 1302 1003 1355 τοῖς
1048 1290 1164 1361 μετ’
1196 1291 1442 1355 ἐκείνους
1479 1287 1551 1360 ἦν
1591 1290 1798 1346 ἀνυπό-

105 1395 311 1444 στατος.
390 1381 573 1449 <271>
619 1382 677 1434 οἵ
723 1401 784 1448 γε
831 1382 942 1450 μὴν
983 1378 1247 1434 Ἰουδαῖοι
1293 1382 1355 1434 τὸ
1401 1389 1623 1447 πρῶτον
1663 1380 1797 1449 ἐφυ-

40 1490 83 1522 15
106 1471 369 1523 λάττοντο
398 1470 499 1537 τὴν
526 1467 756 1539 πέτραν·
791 1470 956 1538 λευκὴ
990 1471 1094 1538 γὰρ
1126 1465 1216 1538 ἦν,
1249 1470 1386 1522 ὥστε
1418 1470 1491 1538 μὴ
1523 1475 1598 1539 τῷ
1631 1469 1794 1543 ῥοίζῳ

107 1562 474 1626 σημαίνεσθαι
503 1560 680 1626 μόνον
703 1557 843 1611 ἀλλὰ
867 1556 957 1610 καὶ
981 1566 1045 1628 τῇ
1072 1561 1411 1627 λαμπρότητι
1427 1564 1796 1628 προορᾶσθαι.

101 1648 282 1715 <272>
315 1645 512 1701 σκοποὶ
544 1642 649 1700 οὗν
681 1646 870 1710 αὐτοῖς
901 1645 988 1699 ἐπὶ
1028 1656 1139 1700 τῶν
1171 1647 1401 1716 πύργων
1432 1650 1796 1716 καθεζόμενοι

99 1737 474 1805 προεμήνυον,
523 1734 685 1788 ὁπότε
725 1738 992 1806 σχασθείη
1033 1737 1094 1789 τὸ
1137 1738 1378 1804 ὄργανον
1419 1733 1510 1788 καὶ
1551 1735 1584 1803 ἡ
1625 1735 1795 1804 πέτρα

99 1822 352 1894 φέροιτο,
398 1831 462 1894 τῇ
511 1827 720 1896 πατρίῳ
770 1826 993 1895 γλώσσῃ
1036 1827 1276 1893 βοῶντες
1315 1824 1371 1877 (ὁ
1414 1825 1496 1885 ἰὸς
1536 1826 1793 1894 ε”ρχεται’.

10 1933 74 1966 ⁴20
100 1915 380 1966 διίσταντο
428 1910 490 1966 δὲ
535 1911 668 1966 καθ’
705 1913 802 1975 οὓς
848 1912 960 1984 ᾔει,
1015 1911 1108 1966 καὶ
1158 1915 1655 1982 προκατεκλίνοντο
1703 1912 1795 1966 καὶ

99 2000 391 2071 συνέβαινε
459 2001 892 2071 φυλαττομένων
953 2003 1234 2072 ἄπρακτον
1295 2003 1631 2055 διεκπίπτειν
1691 2004 1794 2071 τὴν

95 2089 317 2159 πέτραν.
409 2090 593 2159 <273>
648 2089 1039 2144 ἀντεπινοοῦσι
1095 2088 1156 2143 δὲ
1203 2089 1459 2160 Ῥωμαῖοι
1512 2093 1794 2159 μελαίνειν

96 2178 295 2246 αὐτήν·
327 2181 449 2232 τότε
482 2179 587 2247 γὰρ
622 2177 815 2232 οὐκέθ’
838 2179 1039 2248 ὁμοίως
1069 2178 1465 2249 προορωμένης
1489 2179 1792 2249 εὐστόχουν

94 2265 186 2319 καὶ
232 2270 472 2329 πολλοὺς
521 2268 632 2337 ἅμα
679 2275 779 2338 μιᾷ
824 2271 966 2337 βολῇ
1014 2266 1358 2338 διέφθειρον.
1434 2268 1616 2338 <274>
1665 2266 1783 2321 ἀλλ’

22 2375 71 2409 ‘25
95 2352 227 2408 οὐδὲ
274 2357 609 2425 κακούμενοι
656 2353 771 2425 μετ’
803 2356 991 2419 ἀδείας
1036 2366 1300 2427 παρεῖχον
1329 2354 1615 2425 Ῥωμαίοις
1654 2355 1791 2424 ἐγεί-

95 2463 214 2512 ρειν
253 2445 318 2496 τὰ
357 2445 600 2514 χώματα,
644 2444 791 2515 πάσῃ
833 2442 881 2497 δ’
916 2444 1134 2515 ἐπινοίᾳ
1171 2443 1265 2497 καὶ
1303 2447 1475 2515 τόλμῃ
1515 2446 1791 2515 χρώμενοι

92 2530 184 2584 καὶ
223 2534 441 2603 νύκτωρ
482 2532 574 2586 καὶ
613 2528 739 2602 μεθ’
770 2532 980 2603 ἡμέραν
1020 2529 1223 2603 εἶργον.
1317 2528 1322 2532 ’

204 2621 388 2693 <275>
433 2631 545 2674 τῶν
596 2620 647 2675 δ’
688 2624 867 2692 ἔργων
915 2621 1450 2692 συντετελεσμένων,
1505 2623 1788 2691 μολιβδίδι

91 2707 193 2778 μὲν
238 2708 331 2762 καὶ
379 2713 516 2783 λίνῳ
566 2712 958 2780 διαμετροῦσιν
1004 2711 1064 2764 015
1108 2709 1359 2774 τέκτονες
1403 2696 1480 2763 τὸ.
1516 2710 1788 2780 διάστημα

22 2818 66 2852 ao
90 2801 229 2868 πρὸς
275 2800 336 2852 τὸ
376 2809 578 2869 τεῖχος,
625 2799 730 2854 ἀπὸ
771 2809 881 2853 τῶν
920 2800 1190 2869 χωμάτων
1230 2800 1517 2870 ῥίψαντες·
1566 2799 1633 2852 οὐ
1681 2801 1787 2869 γὰρ

93 2886 225 2956 ἐνῆν
264 2889 444 2951 ἄλλως
482 2889 708 2942 ἄνωθεν
746 2889 1150 2958 βαλλομένοιςῖ
1185 2889 1439 2960 εὑρόντες
1479 2885 1527 2940 δ’
1563 2887 1788 2952 ἐξικνεῖ-

1461 2975 1519 3018 3*
