2032 3128
225 104 332 156 148
654 105 779 147 To‘r
808 105 1150 148 IOTAAIKOT
1179 106 1487 148 ΠΟΛΕΜΟΥ

223 238 424 306 ἀηδίαν
471 239 689 290 ἔκλεπτε
736 245 831 306 τῆς
878 240 1070 303 ὄψεως.
1149 239 1329 309 <139>
1374 244 1565 308 θαῦμα
1613 236 1663 291 δ’
1695 238 1754 291 ἐν
1794 247 1910 301 τοῖς

221 326 454 394 μάλιστα
499 335 757 396 παρεῖχεν
803 325 837 394 ἡ
884 336 995 379 τῶν
1041 325 1367 396 φερομένων
1411 327 1712 395 πηγμάτων
1750 346 1909 380 κατα-

223 416 418 482 σκευή·
458 412 549 466 καὶ
589 414 693 483 γὰρ
735 414 829 466 διὰ
868 413 1105 482 μέγεθος
1142 411 1213 483 ἦν
1247 416 1424 468 δεῖσαι
1462 422 1539 482 τῷ
1578 417 1782 484 βεβαίῳ
1818 418 1912 479 τῆς

222 509 400 570 φορᾶς
430 500 827 566 ἀπιστήσαντα,
861 502 1358 568 <14Ο>κτριώροφα
1388 500 1493 569 γὰρ
1527 500 1709 552 αὐτῶν
1735 499 1912 552 πολλὰ

216 585 308 640 καὶ
354 585 679 655 τετρώροφα
724 589 1008 654 πεποίητο,
1057 585 1147 639 καὶ
1195 594 1259 656 τῇ
1305 590 1631 659 πολυτελείᾳ
1676 594 1740 656 τῇ
1787 585 1912 656 περὶ
1959 609 1980 641 5

219 676 321 743 τὴν
351 674 695 741 κατασκευὴν
727 669 798 741 ἧν
828 673 1074 743 ἡσθῆναι
1106 671 1216 743 μετ’
1244 674 1570 743 ἐκπλήξεως·
1610 675 1791 743 <141>
1823 673 1912 728 καὶ

218 763 323 832 γὰρ
384 761 676 832 ὑφάσματα
737 765 966 824 πολλοῖς
1030 763 1303 832 διάχρυσα
1365 762 1753 832 περιβέβλητο,
1823 761 1914 815 καὶ

215 851 418 922 χρυσὸς
476 848 568 902 καὶ
623 847 820 918 ἐλέφας
875 849 978 902 οὐκ
1034 849 1297 918 ἀποίητος
1353 856 1487 902 πᾶσι
1544 852 1915 919 περιπεπήγει.

214 939 398 1008 <142>
438 938 529 990 διὰ
567 942 789 991 πολλῶν
822 934 884 990 δὲ
921 938 1250 1007 μιμημάτων
1284 937 1313 990 ὁ
1347 940 1590 1006 πόλεμος
1630 939 1810 1000 ἄλλως
1840 939 1918 1000 εἰς

217 1028 355 1081 ἄλλα
387 1025 779 1096 μεμερισμένος
807 1025 1208 1094 ἐναργεστάτην
1234 1027 1372 1089 ὄψιν
1402 1024 1603 1079 ἑαυτοῦ
1630 1035 1913 1095 παρεῖχεν·
1943 1049 1984 1080 10

219 1115 402 1184 <143>
438 1111 510 1183 ἦν
548 1115 652 1181 γὰρ
692 1113 830 1182 ὁρᾶν
868 1114 1053 1183 χώραν
1092 1110 1194 1182 μὲν
1232 1114 1544 1182 εὐδαίμονα
1584 1112 1918 1183 δῃουμένην,

218 1204 349 1266 ὅλας
380 1200 441 1256 δὲ
473 1203 760 1271 φάλαγγας
789 1202 1145 1271 κτεινομένας
1182 1205 1482 1271 πολεμίων,
1522 1200 1612 1254 καὶ
1651 1204 1779 1264 τοὺς
1817 1199 1918 1270 μὲν

213 1293 526 1362 ,φεύγοντας
569 1293 698 1353 τοὺς
746 1286 794 1343 δ’
833 1293 910 1353 εἰς
955 1292 1349 1361 αἰχμαλωσίαν
1388 1289 1719 1363 ἀγομένους,
1769 1293 1918 1361 τείχη
2013 1323 2018 1334 ‹

221 1379 271 1434 δ’
316 1380 733 1449 ὑπερβάλλοντα
795 1378 1018 1448 μεγέθει
1092 1389 1360 1449 μηχαναῖς
1418 1379 1768 1447 ἐρειπόμενα,
1829 1378 1920 1431 καὶ

221 1472 508 1540 φρουρίων
548 1467 918 1537 ἁλισκομένας
958 1469 1319 1539 ὀχυρότητας,
1363 1466 1454 1521 καὶ
1497 1469 1714 1520 πόλεων
1752 1472 1921 1521 πολυ-
1947 1491 1988 1523 15

227 1559 544 1627 ανθρώπων
569 1559 904 1627 περιβόλους
930 1554 1051 1610 κατ’
1077 1558 1246 1628 ἄκρας
1278 1555 1591 1626 ἐχομένους,
1623 1556 1807 1625 <144>
1830 1555 1921 1609 καὶ

227 1647 489 1716 στρατιὰν
530 1646 697 1699 ἔνδον
735 1655 931 1714 τειχῶν
971 1644 1346 1715 εἰσχεομένην,
1392 1643 1485 1697 καὶ
1522 1645 1700 1698 πάντα
1739 1647 1921 1713 φόνου

225 1736 554 1804 πληθύοντα
592 1737 784 1803 τόπον,
823 1733 915 1787 καὶ
955 1744 1067 1787 τῶν
1100 1734 1394 1787 ἀδυνάτων
1426 1743 1611 1804 χεῖρας
1642 1733 1922 1803 ἀνταίρειν

229 1825 451 1889 ἱκεσίας,
492 1831 602 1893 πῦρ
634 1821 682 1876 τ’
716 1822 1002 1892 ἐνιέμενον
1036 1824 1204 1893 ἱεροῖς
1239 1821 1332 1876 καὶ
1371 1822 1723 1891 κατασκαφὰς
1754 1827 1923 1875 οἴκων

229 1910 317 1965 ἐπὶ
363 1921 478 1974 τοῖς
524 1913 838 1980 δεσπόταις,
884 1910 1067 1981 (145)
1113 1910 1203 1965 καὶ
1252 1911 1384 1980 μετὰ
1430 1912 1643 1980 πολλὴν
1691 1910 1921 1981 ἐρημίαν
1947 1933 1989 1964 20

229 1999 318 2053 καὶ
352 2002 654 2070 κατήφειαν
685 2004 967 2070 ποταμοὺς
999 1999 1224 2071 ῥέοντας
1257 2000 1359 2053 οὐκ
1390 1998 1477 2054 ἐπὶ
1510 2007 1614 2068 γῆν
1646 2019 1922 2069 γεωργου-

231 2088 423 2158 μένην,
463 2086 595 2143 οὐδε
633 2091 805 2143 ποτὸν
837 2089 1158 2160 ἀνθρώποις
1193 2089 1225 2158 ἢ
1258 2091 1622 2158 βοσκήμασιν,
1661 2087 1800 2141 ἀλλὰ
1833 2088 1924 2140 διὰ

230 2185 325 2246 τῆς
365 2180 443 2231 ἔτι
489 2182 844 2248 πανταχόθεν
883 2177 1251 2248 φλεγομένης·
1299 2186 1471 2231 ταῦτα
1518 2178 1623 2246 γὰρ
1665 2175 1926 2230 Ἰουδαῖοι

231 2264 594 2335 πεισομένους
639 2267 842 2330 αὑτοὺς
881 2275 954 2339 τῷ
1003 2265 1223 2340 πολέμῳ
1262 2265 1594 2336 παρέδοσαν.
1669 2266 1850 2334 <146>
1891 2265 1924 2333 ἡ

229 2354 391 2423 τέχνη
449 2352 510 2408 δὲ
570 2354 661 2408 καὶ
715 2365 828 2409 τῶν
878 2356 1412 2425 κατασκευασμάτων
1462 2355 1496 2422 ἡ
1552 2357 1926 2424 μεγαλουργία
1951 2375 1994 2408 25

231 2453 349 2506 τοῖς
396 2443 498 2497 οὐκ
547 2445 733 2498 ἰδοῦσι
779 2445 844 2497 τὰ
891 2447 1163 2514 γενόμενα
1201 2442 1316 2498 τότ’
1349 2444 1632 2497 ἐδείκνυεν
1670 2444 1745 2506 ὡς
1790 2461 1927 2511 παρ-

233 2540 373 2585 οῦσι.
451 2533 631 2602 <147>
669 2531 891 2587 τέτακτο
941 2532 994 2586 δ’
1033 2530 1121 2603 ἐφ’
1160 2531 1367 2606 ἑκάστῳ
1406 2541 1517 2585 τῶν
1556 2532 1856 2600 πηγμάτων
1897 2531 1926 2585 ὁ

234 2628 328 2688 τῆς
361 2620 723 2690 ἁλισκομένης
753 2624 965 2684 πόλεως
998 2623 1316 2692 στρατηγός,
1356 2620 1423 2674 ὃν
1455 2622 1661 2687 τρόπον
1694 2619 1927 2687 ἐλήφθη.

234 2709 415 2778 <148>
468 2708 668 2763 πολλαὶ
724 2707 787 2763 δὲ
840 2709 930 2763 καὶ
985 2717 1116 2778 νῆες
1170 2711 1403 2763 εἵποντο.
1481 2708 1704 2778 λάφυρα
1756 2705 1817 2760 δὲ
1863 2707 1928 2760 τὰ

234 2794 336 2866 μὲν
391 2798 531 2850 ἄλλα
590 2799 771 2868 χύδην
825 2797 1077 2868 ἐφέρετο,
1142 2796 1399 2867 διέπρεπε
1462 2793 1524 2849 δὲ
1584 2796 1809 2849 πάντων
1862 2796 1927 2848 τὰ
1953 2820 1995 2852 3ο

237 2884 726 2956 ἐγκαταληφθέντα
772 2894 845 2959 τῷ
895 2886 955 2940 ἐν
996 2885 1398 2957 Ἱεροσολύμοις
1446 2886 1598 2958 ἱερῷ,
1649 2892 1823 2955 χρυσῆ
1870 2904 1928 2937 τε
