2032 3128
241 111 344 163 102
664 114 787 156 Tor
817 114 1158 156 IOTAAIKOT
1187 114 1494 157 IIOAEMOT

236 246 504 310 καλύψειν
544 244 728 315 μέντοι
772 248 834 300 τὸ
881 254 976 315 τῆς
1020 251 1380 316 τεκνοφαγίας
1433 249 1605 317 μύσος
1652 249 1796 320 αὐτῷ
1837 256 1911 321 τῷ

234 341 331 401 τῆς
379 335 642 403 πατρίδος
691 336 959 404 πτώματι,
1015 333 1107 387 καὶ
1161 335 1228 388 οὐ
1280 339 1628 401 καταλείψειν
1683 335 1768 389 ἐπὶ
1822 343 1917 405 τῆς

235 419 562 490 οἰκουμένης
622 421 759 495 ἡλίῳ
817 428 1070 491 καθορᾶν
1122 425 1286 475 πόλιν
1340 422 1401 476 ἐν
1456 419 1491 494 ’ᾗ
1545 423 1769 494 μητέρες
1822 424 1915 476 οὕ-

233 527 308 560 τω
348 508 656 578 τρέφονται.
726 510 908 577 <218>
948 513 1246 580 προσήκειν
1285 513 1480 580 μήντοι
1520 514 1626 581 πρὸ
1665 511 1915 582 μητέρων

233 597 468 665 πατράσι
507 598 607 665 τὴν
646 599 906 667 τοιαύτην
945 600 1190 667 τροφήν,
1230 601 1288 652 οἳ
1320 597 1411 652 καὶ
1450 600 1583 668 μετὰ
1621 604 1915 669 τηλικαῦτα
1961 622 1982 655 5

233 684 387 753 πάθη
427 684 692 753 μένουσιν
725 685 785 739 ἐν
817 696 932 749 τοῖς
964 687 1165 749 ὅπλοις.
1221 687 1402 756 <219>
1440 687 1603 741 ταῦθ’
1641 689 1750 757 ἅμα
1782 686 1916 750 διεξ-

232 773 334 825 ιὼν
375 771 583 826 ε’νενόει
622 772 712 827 καὶ
751 776 852 843 τὴν
891 773 1208 842 ἀπόγνωσιν
1246 785 1358 828 τῶν
1397 775 1640 846 ἀνδρῶν·
1705 775 1772 829 οὐ
1810 776 1914 843 γὰρ

230 859 301 913 ἂν
355 863 433 914 ἔτι
489 856 846 932 σωφρονῆσαι
901 865 1031 926 τοὺς
1082 863 1261 916 πάντα
1313 865 1770 932 προπεπονθότας
1824 858 1909 932 ἐφ’

230 941 313 1011 οἷς
352 951 497 1012 εἰκὸς
534 946 604 1018 ἦν
643 949 1047 1019 μεταβαλέσθαι
1087 952 1159 1019 μὴ
1199 951 1471 1005 πάθωσιν.

166 1037 205 1089 4
342 1038 523 1106 <220>
560 1039 666 1107 ἤδη
716 1037 776 1092 δὲ
822 1047 933 1092 τῶν
981 1040 1085 1092 δύο
1124 1039 1413 1108 ταγμάτων
1453 1041 1914 1093 συντετελεκότων
1942 1064 1982 1096 10

159 1187 162 1189 ,
226 1125 293 1177 τὰ
347 1127 569 1195 χώματα
624 1128 792 1181 Λώου
846 1129 1018 1196 μηνὸς
1068 1127 1264 1198 ὀγδόῃ,
1317 1127 1617 1197 προσάγειν
1667 1126 1915 1180 ἐκέλευσε

225 1216 355 1276 τοὺς
402 1217 593 1283 κριοὺς
637 1216 771 1267 κατὰ
821 1217 922 1284 τὴν
975 1213 1230 1285 ἑσπέριον
1279 1214 1507 1285 ἐξέδραν
1556 1223 1655 1270 τοῦ
1706 1215 1915 1280 ἔξωθεν

228 1302 396 1369 ἱεροῦ.
473 1304 655 1373 <221>
694 1305 799 1374 πρὸ
842 1301 902 1356 δὲ
941 1305 1157 1357 τούτων
1195 1302 1249 1367 ἓξ
1290 1303 1517 1373 ἡμέραις
1556 1304 1918 1366 ἀδιαλείπτως

224 1388 258 1456 ἡ
315 1392 645 1460 στερροτάτη
700 1401 892 1445 πασῶν
945 1391 1192 1455 ἑλέπολις
1245 1393 1525 1446 τύπτουσα
1577 1394 1676 1446 τὸν
1727 1401 1915 1462 τοῖχον

224 1475 393 1531 οὐδὲν
431 1481 655 1549 ήνυσεν,
696 1480 834 1534 ἀλλὰ
874 1478 963 1533 καὶ
1002 1481 1203 1549 ταύτης
1240 1479 1331 1534 καὶ
1369 1489 1481 1534 τῶν
1513 1482 1698 1534 ἄλλων
1729 1482 1790 1534 τὸ
1824 1478 1916 1549 μέ·
1941 1503 1983 1537 15
2031 1474 2032 1530 Ξ

224 1572 393 1633 γεθος
431 1566 522 1620 καὶ
561 1568 594 1636 ἡ
635 1568 871 1638 ἁρμονία
918 1578 1039 1632 τῶνι
1075 1573 1256 1622 λίθων
1295 1566 1365 1638 ’ἦν
1405 1569 1660 1638 ἀμείνων.
1732 1568 1917 1637 <222>

222 1661 317 1722 τῆς
365 1651 426 1708 δὲ
472 1659 698 1726 βορείου
744 1659 919 1726 πύλης
968 1657 1295 1729 ὑπώρυττον
1347 1657 1522 1727 ἕτεροι
1573 1659 1704 1720 τοὺς
1751 1662 1915 1725 θεμε-

223 1746 408 1812 λιόυς,
473 1747 565 1797 καὶ
618 1746 795 1799 πολλὰ
849 1748 1362 1816 ταλαιπωρήσαντες
1413 1748 1544 1809 τοὺς
1599 1747 1916 1814 ἔμπροσθεν

223 1834 424 1894 λίθους
464 1832 799 1897 ἐξεκύλισαν.
855 1834 1100 1904 ἀνείχετο
1142 1833 1192 1888 δ’
1229 1835 1338 1889 ὑπὸ
1377 1843 1488 1888 τῶν
1523 1833 1792 1903 ἐνδοτέρω
1825 1833 1917 1887 καὶ

223 1919 476 1988 διέμενεν
530 1921 563 1989 ἡ
618 1924 794 1992 πύλη,
849 1922 1006 1993 μέχρι
1060 1925 1155 1986 τὰς
1211 1924 1303 1976 διὰ
1357 1933 1468 1976 τῶν
1519 1923 1775 1991 ὀργάνων
1825 1921 1916 1975 καὶ
1939 1946 1984 1978 20

221 2018 333 2061 τῶν
388 2014 611 2080 μοχλῶν
666 2010 1029 2082 ἐπιχειρήσεις
1083 2011 1420 2080 ἀπογνόντες
1480 2015 1745 2080 κλίμακας
1798 2021 1918 2074 ταῖς

221 2106 407 2160 στοαῖς
454 2098 816 2168 προσέφερον.
893 2100 1090 2168 <223>
1140 2101 1198 2153 οί
1248 2096 1309 2152 δὲ
1355 2098 1618 2153 Ἰουδαῖοι
1673 2103 1918 2153 κωλῦσαι

220 2183 324 2236 οὐκ
363 2186 647 2257 ἔφθασαν,
690 2188 927 2258 ἀναβᾶσι
968 2186 1029 2241 δὲ
1070 2191 1442 2258 συμπεσόντες
1482 2187 1776 2259 ἐμάχοντο,
1825 2185 1918 2240 καὶ

219 2274 351 2335 τοὺς
381 2271 484 2342 μὲν
517 2274 871 2339 ἀνωθοῦντες
911 2279 987 2339 εἰς
1025 2277 1270 2330 τούπίσω
1302 2278 1750 2346 κατεκρήμνιζον,
1788 2279 1918 2339 τοὺς

220 2358 272 2413 δ’
318 2349 751 2428 ὑπαντιάζοντας
806 2363 1069 2436 ἀνῄρουν.
1146 2365 1345 2434 <224>
1393 2367 1634 2429 πολλοὺς
1690 2362 1751 2418 δὲ
1806 2374 1917 2418 τῶν
1942 2387 1985 2420 25

219 2451 506 2519 κλιμάκων
537 2452 967 2522 ἀποβαίνοντας,
1006 2453 1140 2524 πρὶν
1172 2453 1491 2524 φράξασθαι
1523 2463 1639 2517 τοῖς
1669 2460 1915 2524 θυρεοῖς,

216 2543 476 2604 παιόντες
514 2542 973 2611 ταῖςρομφαιάις
1013 2545 1294 2609 ἔφθανον·
1353 2542 1503 2605 ἐνίας
1543 2539 1604 2596 δὲ
1644 2543 1918 2611 γεμούσας
1974 2614 1978 2619 .

219 2625 462 2682 ὁπλιτῶν
522 2633 788 2698 κλίμακας
848 2634 1281 2699 παρακλίνοντες
1341 2632 1566 2684 ἄνωθεν
1619 2630 1917 2685 κατέσειον.

216 2714 403 2785 <225>
441 2713 512 2786 ἦν
553 2715 607 2770 δ’
644 2718 746 2772 οὐκ
786 2719 972 2787 ὀλίγος
1011 2718 1102 2772 καὶ
1143 2720 1327 2773 αὐτῶν
1367 2722 1554 2788 φόνος.
1611 2723 1669 2772 οἳ
1706 2715 1754 2772 δ’
1795 2719 1917 2772 ἀνε-

215 2807 510 2871 νεγκόντες
547 2807 644 2870 τὰς
683 2810 919 2876 σημαίας
957 2810 1083 2876 περὶ
1123 2807 1307 2861 αὐτῶν
1348 2807 1684 2877 ἐπολέμουν,
1727 2808 1918 2875 δεινὴν
1943 2829 1986 2861 30

214 2892 519 2962 ἡγούμενοι
577 2894 668 2949 καὶ
723 2898 859 2967 πρὸς
913 2898 1178 2966 αἰσχύνης
1231 2897 1447 2950 τούτων
1498 2899 1600 2966 τὴν
1651 2896 1918 2965 ἁρπαγήν.
