2032 3128
231 107 334 159 192
837 106 995 148 ΚΑΤΑ
1025 106 1306 148 ΑΠΙΩΝΟΣ

225 261 410 303 τοντες
451 242 778 293 διατελοῦσι.
854 246 950 307 τῆς
989 235 1089 307 μὲν
1129 239 1233 308 γὰρ
1274 238 1520 307 ἀληθοῦς
1559 239 1673 294 ἐστι
1715 244 1909 310 τεκμή-

225 349 350 397 ριον
391 329 657 397 ἱστορίας,
704 329 756 380 εἰ
798 326 923 397 περὶ
962 336 1073 379 τῶν
1113 327 1296 380 αὐτῶν
1336 329 1569 391 ἅπαντες
1606 329 1775 382 ταύτά
1817 327 1909 382 καὶ

227 415 440 484 λέγοιεν
471 415 563 469 καὶ
602 415 894 485 γράφοιεν·
937 418 993 468 οἳ
1032 409 1082 467 δ’
1113 416 1165 468 εἰ
1193 415 1363 468 ταύτὰ
1394 416 1665 485 γράψειαν
1697 415 1910 487 ἑτέρως,

226 505 401 567 οὕτως
440 503 691 572 ἐνόμιζον
732 500 888 556 αὐτοὶ
927 508 1229 571 φανεῖσθαι
1272 503 1494 556 πάντων
1532 503 1909 572 ἀληθέστατοι.

226 593 369 661 <27>
407 594 590 661 λόγων
630 588 731 660 μὲν
771 586 874 644 οὖν
913 591 1072 644 ἕνεκα
1119 589 1209 643 καὶ
1247 598 1342 659 τῆς
1380 590 1441 644 ἐν
1480 593 1695 655 τούτοις
1734 594 1911 647 δεινό-
1957 615 1978 647 5

226 700 386 748 τητος
441 682 527 733 δεῖ
585 688 936 749 παραχωρεῖν
989 679 1130 748 ἡμᾶς
1190 688 1305 741 τοῖς
1366 688 1745 748 συγγραφεῦσι
1799 689 1914 744 τοῖς

221 767 582 836 Ἑλληνικοῖς,
629 768 696 821 οὐ
746 769 856 836 μὴν
901 765 991 819 καὶ
1038 775 1133 834 τῆς
1177 765 1302 836 περὶ
1347 776 1458 819 τῶν
1499 766 1742 837 ἀρχαίων
1781 767 1911 837 ἀλη-

226 863 369 920 θοῦς
409 858 671 926 ἱστορίας,
704 853 809 908 ’καὶ
848 855 1081 924 μάλιστά
1120 874 1182 922 γε
1220 861 1316 923 τῆς
1352 852 1478 925 περὶ
1517 865 1628 909 τῶν
1668 844 1930 919 ἑκάστοις

228 944 550 1015 ἐπιχωρίων.

338 1034 482 1102 <28>
530 1033 613 1086 ὅτι
659 1030 760 1102 μὲν
808 1028 912 1086 οὖν
956 1030 1084 1099 παρ’
1122 1033 1448 1100 Αἰγυπτίοις
1495 1051 1550 1086 τε
1597 1030 1687 1086 καὶ
1726 1036 1911 1102 Βαβυ-
1935 1056 1978 1090 10

228 1125 449 1184 λωνίοις
497 1121 554 1174 ἐκ
599 1121 955 1190 μακροτάτων
995 1122 1219 1174 ἄνωθεν
1257 1123 1476 1190 χρόνων
1515 1121 1617 1190 τὴν
1655 1119 1781 1191 περὶ
1820 1123 1915 1184 τὰς

227 1209 550 1278 ἀναγραφὰς
597 1209 909 1279 ἐπιμέλειαν
949 1209 1087 1262 ὅπου
1135 1206 1236 1278 μὲν
1277 1210 1334 1262 οἱ
1379 1210 1540 1279 ἱερεῖς
1585 1206 1727 1278 ἦσαν
1767 1209 1914 1278 ἐγκε-

228 1297 563 1368 χειρισμένοι
602 1297 692 1351 καὶ
731 1296 855 1367 περὶ
887 1299 1086 1360 ταύτας
1116 1297 1516 1367 ἐφιλοσόφουν,
1550 1300 1820 1352 Χαλδαῖοι
1854 1295 1915 1351 δὲ

227 1389 372 1457 παρὰ
411 1397 526 1450 τοῖς
563 1389 964 1456 Βαβυλωνίοις,
1010 1384 1102 1440 καὶ
1142 1387 1226 1439 ὅτι
1265 1387 1499 1456 μάλιστα
1539 1388 1607 1456 δὴ
1647 1395 1757 1440 τῶν
1788 1384 1915 1439 ’Ἑλ-

227 1479 389 1542 λησιν
437 1473 881 1544 ἐπιμιγνυμένων
936 1474 1237 1544 ἐχρήσαντο
1288 1477 1547 1538 Φοίνικες
1600 1475 1916 1544 γράμμασιν
1941 1497 1982 1530 15

227 1569 306 1626 εἴς
344 1583 400 1616 τε
438 1564 534 1626 τὰς
571 1562 697 1633 περὶ
733 1565 831 1617 τὸν
862 1566 989 1633 βίον
1022 1565 1339 1633 οἰκονομίας
1377 1562 1469 1617 καὶ
1507 1565 1644 1633 πρὸς
1673 1564 1774 1632 τὴν
1806 1572 1916 1617 τῶν

228 1662 433 1705 κοινῶν
474 1653 652 1721 ἔργων
697 1653 1028 1722 παράδοσιν,
1074 1651 1261 1722 ἐπειδὴ
1311 1660 1697 1722 συγχωροῦσιν
1745 1653 1916 1706 ἅπαν-

229 1760 341 1810 τες,
396 1740 577 1794 ε’άσειν
624 1761 718 1809 μοι
766 1742 937 1795 δοκῶ·
991 1741 1135 1810 <29>
1187 1739 1312 1811 περὶ
1369 1739 1430 1795 δὲ
1483 1750 1594 1795 τῶν
1638 1740 1918 1810 ἡμετέρων

230 1831 543 1899 προγόνων,
582 1829 667 1882 ὅτι
706 1830 806 1898 τὴν
838 1830 1011 1898 αὐτήν
1045 1829 1139 1900 (ἐῶ
1179 1830 1283 1900 γὰρ
1320 1828 1501 1899 λέγειν
1533 1832 1585 1883 εί
1619 1827 1711 1883 καὶ
1749 1833 1918 1883 πλείω

231 1927 342 1971 τῶν
381 1915 710 1989 εἰρημένων)
759 1917 1085 1987 ἐποιήσαντο
1131 1917 1258 1987 περὶ
1304 1919 1399 1981 τάς
1446 1918 1770 1988 ἀναγραφὰς
1807 1917 1919 1970 ἐπι·
1945 1941 1988 1973 20

234 2006 474 2076 μέλειαν,
534 2016 649 2069 τοῖς
702 2006 1015 2077 ἀρχιερεῦσι
1076 2005 1166 2060 καὶ
1220 2017 1335 2070 τοῖς
1394 2009 1699 2078 προφήταις
1755 2014 1919 2060 τοῦτο

232 2094 655 2165 προστάξαντες,
711 2094 802 2149 καὶ
857 2096 930 2159 ὡς
982 2094 1140 2166 μέχρι
1185 2105 1296 2149 τῶν
1342 2094 1471 2149 καθ’
1508 2095 1649 2164 ἡμᾶς
1702 2097 1920 2166 χρόνων

233 2185 574 2253 πεφύλακται
613 2185 745 2253 μετὰ
783 2187 989 2252 πολλῆς
1028 2183 1324 2253 ἀκριβείας,
1364 2186 1416 2236 εἰ
1446 2180 1507 2236 δὲ
1540 2181 1674 2256 (δεῖ)
1707 2185 1922 2255 θρασύ-

234 2291 395 2341 τερον
435 2274 610 2325 εἰπεῖν
649 2271 739 2325 καὶ
778 2274 1220 2343 φυλαχθησεται,
1266 2273 1596 2343 πειράσομαι
1636 2274 1923 2341 συντόμως
2031 2338 2032 2342 ¹

236 2361 534 2414 διδάσκειν.
1946 2384 1989 2416 25
2031 2345 2032 2356 γ

350 2448 495 2519 <30>
550 2448 617 2502 οὐ
671 2450 774 2519 γὰρ
830 2452 1004 2518 μόνον
1059 2449 1112 2514 ἐξ
1168 2449 1336 2519 ἀρχῆς
1389 2447 1476 2502 ἐπὶ
1529 2450 1742 2503 τούτων
1797 2452 1925 2513 τοὺς

236 2536 496 2607 ἀρίστους
547 2535 640 2590 καὶ
692 2544 756 2606 τῇ
803 2539 1073 2609 θεραπεία
1118 2546 1219 2591 τοῦ
1264 2542 1405 2590 θεοῦ
1451 2538 1925 2606 προσεδρεύοντας

235 2625 591 2694 κατέστησαν,
637 2622 756 2678 ἀλλ’
794 2625 940 2688 ὅπως
985 2627 1046 2679 τὸ
1094 2624 1253 2695 γένος
1298 2634 1408 2678 τῶν
1457 2623 1648 2695 ἱερέων
1694 2627 1943 2704 ἄμικτον

237 2713 327 2768 καὶ
365 2716 617 2783 καθαρὸν
650 2715 901 2782 διαμενεῖ
935 2717 1307 2784 προυνόησαν.
1381 2712 1526 2782 <31>
1565 2714 1654 2766 δεῖ
1687 2716 1791 2785 γὰρ
1827 2717 1927 2769 τὸν

239 2802 533 2873 μετέχοντα
570 2810 665 2872 τῆς
705 2804 1006 2873 ἱερωσύνης
1046 2802 1099 2868 ἐξ
1140 2803 1450 2872 ὁμοεθνοῦς
1495 2804 1757 2870 γυναικὸς
1801 2821 1926 2856 παι-
1947 2826 1992 2858 30

241 2893 618 2962 δοποιεῖσθαι,
671 2890 763 2945 καὶ
817 2892 889 2961 μὴ
944 2895 1080 2962 πρὸς
1133 2894 1380 2963 χρήματα
1434 2887 1571 2960 μηδὲ
1617 2892 1712 2955 τὰς
1757 2893 1926 2956 ἄλλας
