2032 3128
208 72 315 124 134
632 75 757 117 ΤΟΤ
787 75 1129 117 ΙΟΤΔΑΙΚΟΤ
1158 74 1467 117 ΠΟΛΕΜΟΥ

200 225 313 273 τες,
370 205 429 259 ἐν
480 206 718 275 ἀσφαλεῖ
763 209 1127 277 ποιησάμενοι
1177 209 1277 276 τὴν
1329 206 1623 277 ἀνάδυσιν,
1673 207 1887 261 ἀποσώ-

202 297 405 358 ζεσθαι.
468 296 611 364 <28>
649 297 827 364 ψευδῆ
870 293 930 349 δὲ
969 298 1070 365 τὴν
1110 295 1305 349 ἐλπίδα
1338 297 1624 365 διήλεγχεν
1657 295 1689 364 ἡ
1725 305 1887 365 πεῖρα

199 392 309 435 τῶν
358 385 558 451 ἔργων·
636 383 827 452 ὀλίγον
875 403 930 436 τε
978 386 1082 453 γὰρ
1122 387 1280 453 μόλις
1317 385 1662 451 προύβαινον
1702 384 1761 435 Οί
1795 402 1887 451 με-

196 470 571 537 ταλλεύοντες,
609 468 645 537 ἥ
683 490 740 522 τε
772 473 950 540 τροφὴ
991 477 1168 525 καίτοι
1200 470 1630 539 ταμιευομένους
1661 473 1886 538 ἔμελλεν

197 555 516 620 ἐπιλείψειν.
593 557 755 626 <29>
801 561 923 611 τότε
973 559 1040 625 δὴ
1087 560 1309 626 τοίνυν,
1357 559 1429 621 ὡς
1469 557 1539 612 δι’
1582 557 1887 627 ἐκπλήξεως
1931 585 1952 615 5

197 644 469 713 ἀπατῆσαι
514 647 644 707 τοὺς
683 643 978 714 Ῥωμαίους
1018 647 1418 715 δυνησόμενος,
1471 648 1703 708 λευκοὺς
1742 645 1885 699 ἐνδι-

198 733 456 785 δύσκεται
494 736 873 803 χιτωνίσκους,
911 732 1002 786 καὶ
1041 742 1338 804 πορφυρᾶν
1379 734 1888 803 ἐμπερονησάμενος

195 823 446 891 χλανίδα,
488 818 604 874 κατ’
650 821 821 874 αὐτὸν
862 820 1075 874 ἐκεῖνον
1106 824 1206 874 τὸν
1237 824 1408 874 τόπον
1449 821 1509 874 ἐν
1549 816 1591 893 ᾧ
1633 823 1695 874 τὸ
1737 822 1888 890 ἱερὸν

195 906 266 977 ἦν
305 912 579 980 πρόσθεν,
628 908 687 961 ἐκ
734 917 828 976 τῆς
872 917 972 978 γῆς
1018 909 1282 979 ἀνεφάνη.
1359 909 1500 977 <3Ο>
1540 911 1601 962 τὸ
1642 906 1744 978 μὲν
1784 904 1887 962 οὖν

195 1007 415 1068 πρῶτον
454 1007 570 1059 τοῖς
617 999 802 1050 ἰδοῦσι
840 997 1061 1066 θάμβος
1103 995 1433 1067 προσέπεσε,
1479 996 1570 1050 καὶ
1610 998 1746 1050 κατὰ
1784 998 1888 1066 χώ·
1915 1027 1957 1059 10

197 1106 301 1153 ραν
348 1089 571 1155 ἔμενον,
620 1088 803 1138 ἔπειτα
851 1084 900 1138 δ’
947 1085 1222 1153 ἐγγυτέρω
1278 1088 1686 1155 προσελθόντες
1741 1085 1891 1148 ὅστις

198 1172 348 1228 ἐστὶν
386 1175 603 1243 ἤροντο.
665 1173 810 1241 <31>
850 1172 941 1226 καὶ
979 1181 1142 1227 τοῦτο
1183 1171 1284 1243 μὲν
1324 1174 1426 1227 οὐκ
1459 1173 1661 1242 ἐδήλου
1694 1177 1891 1242 Σίμων

197 1262 411 1329 αὐτοῖς,
463 1267 652 1315 καλεῖν
693 1259 755 1314 δὲ
794 1264 891 1316 τὸν
931 1262 1174 1331 ἡγεμόνα
1214 1260 1593 1332 προσέταττεν.
1662 1260 1753 1315 καὶ
1799 1281 1891 1314 τα-

195 1349 332 1420 χέως
377 1352 513 1420 πρὸς
559 1350 731 1404 αὐτὸν
779 1352 1106 1420 δραμόντων
1152 1347 1248 1420 ἧκε
1306 1350 1593 1419 Τερέντιος
1634 1348 1890 1418 Ῥοῦφος·

196 1435 360 1502 οὗτος
398 1439 503 1509 γὰρ
543 1440 729 1508 ἄρχων
768 1447 863 1508 τῆς
902 1447 1157 1508 στρατιᾶς
1195 1439 1591 1494 κατελέλειπτο.
1645 1441 1891 1508 πυθόμε-
1917 1468 1958 1501 15

196 1548 294 1590 νος
335 1525 397 1580 δὲ
433 1525 561 1596 παρ’
599 1528 772 1580 αὐτοῦ
811 1535 995 1581 πᾶσαν
1034 1529 1136 1597 τὴν
1169 1527 1458 1597 ἀλήθειαν,
1497 1530 1595 1581 τὸν
1627 1524 1729 1596 μὲν
1760 1526 1891 1596 ἐφύ-

195 1620 354 1669 λαττε
396 1615 720 1684 δεδεμένον,
774 1619 1014 1685 Καίσαρι
1055 1616 1101 1669 δ’
1144 1617 1291 1680 ὅπως
1330 1622 1413 1686 εἴη
1455 1614 1891 1685 συνειλημμένος

194 1704 411 1773 ἐδήλου.
488 1704 650 1773 <32>
697 1708 931 1773 Σίμωνα
978 1702 1078 1773 μὲν
1127 1701 1231 1758 οὗν
1278 1707 1356 1768 εἰς
1403 1706 1564 1774 δίκην
1613 1713 1708 1773 τῆς
1754 1705 1891 1757 κατὰ

193 1802 304 1846 τῶν
343 1798 587 1846 πολιτῶν
620 1793 916 1862 ὠμότητος,
957 1789 1035 1846 ὧν
1066 1803 1272 1863 πικρῶς
1304 1793 1468 1856 αὐτὸς
1501 1793 1889 1863 ἐτυράννησεν,

193 1880 281 1934 ἐπὶ
327 1892 442 1945 τοῖς
493 1883 727 1951 μάλιστα
774 1890 999 1951 μισοῦσι
1046 1885 1328 1951 πολεμιόις
1373 1882 1630 1950 ἐποίησεν
1670 1882 1699 1935 ὁ
1738 1884 1888 1949 θεός,
1914 1913 1956 1944 20

194 1969 262 2022 οὐ
293 1973 389 2040 βία
421 1973 724 2040 γενόμενον
760 1971 948 2034 αὐτοῖς
987 1972 1325 2042 ὑποχείριον,
1365 1969 1483 2024 ἀλλ’
1532 1970 1702 2023 αὑτὸν
1737 1967 1892 2023 ἐκου-

197 2061 328 2120 σίως
370 2060 446 2121 εἰς
483 2060 586 2127 τὴν
625 2062 895 2130 τιμωρίαν
934 2062 1345 2130 παραβαλόντα,
1385 2059 1531 2128 <33>
1573 2056 1645 2112 δι’
1690 2058 1719 2111 ὃ
1760 2062 1892 2112 πολ-

194 2149 327 2209 λοὺς
374 2147 538 2210 αὐτὸς
586 2148 746 2217 ὠμῶς
784 2148 1094 2217 ἀπέκτεινε,
1132 2150 1359 2213 ψευδεῖς
1397 2150 1575 2211 αι’τίας
1614 2146 1893 2218 ἐπιφέρων

193 2243 289 2304 τῆς
341 2238 482 2305 πρὸς
527 2234 827 2305 Ῥωμαίους
880 2240 1199 2306 μεταβολῆς.
1278 2237 1438 2304 <34>
1494 2236 1562 2290 οὐ
1616 2237 1721 2307 γὰρ
1774 2237 1894 2289 δια-

194 2325 389 2393 φεύγει
443 2328 682 2393 πονηρία
735 2331 878 2379 θεοῦ
941 2329 1137 2396 χόλον,
1201 2324 1323 2379 οὐδ’
1363 2326 1604 2394 ἀσθενὴς
1661 2325 1695 2393 ἡ
1749 2325 1894 2393 δίκη,
1919 2354 1963 2386 25

193 2415 377 2485 χρόνῳ
419 2410 481 2465 δὲ
521 2411 729 2482 μέτεισι
768 2416 897 2476 τοὺς
929 2415 1007 2476 εἰς
1038 2414 1214 2483 αὐτὴν
1245 2415 1767 2484 παρανομήσαντας,
1804 2411 1896 2465 καὶ

192 2504 355 2571 χείρω
402 2503 504 2570 τὴν
550 2505 822 2571 τιμωρίαν
870 2502 1118 2571 ἐπιφέρει
1165 2513 1280 2566 τοῖς
1324 2512 1624 2572 πονηροῖς,
1677 2502 1759 2554 ὅτι
1806 2499 1897 2553 καὶ

191 2592 614 2660 προσεδόκησαν
676 2589 845 2659 αὐτῆς
900 2590 1254 2662 ἀπηλλάχθαι
1310 2593 1382 2661 μὴ
1439 2593 1751 2660 παραυτίκα
1805 2609 1898 2642 κο-

192 2678 508 2742 λασθέντες.
587 2682 729 2747 ἔγνω
777 2687 940 2732 τοῦτο
988 2679 1080 2733 καὶ
1119 2683 1316 2749 Σίμων
1363 2681 1442 2742 εἰς
1487 2680 1583 2742 τὰς
1615 2677 1898 2748 Ῥωμαίων

195 2767 363 2837 ὀργὰς
395 2769 663 2837 ἐμπεσών.
711 2768 859 2838 <35>
897 2769 931 2837 ἡ
966 2766 1017 2821 δ’
1059 2768 1275 2823 ἐκείνου
1309 2774 1489 2838 γῆθεν
1520 2768 1724 2830 ἄνοδος
1754 2769 1899 2820 πολὺ
1923 2796 1967 2827 30

183 2854 284 2908 μκαὶ
339 2866 451 2909 τῶν
508 2858 695 2910 ἄλλων
750 2867 1096 2928 στασιαστῶν
1143 2862 1362 2926 πλῆθος
1407 2855 1501 2910 ὑπ’
1549 2856 1762 2918 ἐκείνας
1808 2856 1903 2917 τὰς
