2032 3128
720 97 929 139 ΛΟΓΟΣ
959 96 1274 141 ΔΕΥΤΕΡΟΣ
1728 92 1835 144 247

162 239 272 283 τῶν
313 227 424 297 μετ’
460 228 672 282 ἐκεῖνον
703 236 797 296 τῆς
828 230 1114 296 Αἰγύπτου
1147 227 1421 297 βασιλέων
1453 227 1695 298 ἐντυχὼν
1726 237 1842 290 τοῖς

162 318 466 387 γράμμασι,
520 315 608 369 καὶ
655 318 755 384 τὴν
804 319 1006 386 στήλην
1052 319 1152 385 τὴν
1199 315 1442 370 ἑστῶσαν
1490 316 1550 370 ἐν
1595 312 1840 381 Ἀλεξαν-

166 407 318 476 δρείᾳ
378 403 468 457 καὶ
523 405 587 456 τὰ
643 407 980 474 δικαιώματα
1035 403 1397 474 περιέχουσαν
1451 404 1484 457 ἃ
1539 408 1754 474 Καῖσαρ
1810 405 1838 458 ὁ

164 492 326 561 μέγας
364 502 479 556 τοῖς
512 488 801 556 Ἰουδαίοις
839 494 1063 561 ἔδωκεν,
1101 495 1152 546 εἰ
1189 490 1290 560 μὲν
1322 489 1424 546 οὖν
1456 502 1641 561 ταῦτα,
1680 497 1839 562 φημί,

117 603 137 635 5
162 583 482 648 γιγνώσκων
514 582 775 634 τάναντία
807 582 1041 651 γράφειν
1076 581 1354 649 ἐτόλμησε,
1393 583 1634 651 πονηρὸς
1663 579 1753 650 ἦν,
1791 586 1842 635 εἰ

161 666 223 722 δὲ
269 668 438 738 μηδὲν
486 670 746 738 ἠπίστατο
793 671 1020 736 τούτων,
1070 669 1409 732 ἀπαίδευτος.
1487 670 1631 739 <38>
1677 672 1737 724 τὸ
1777 668 1838 723 δὲ

160 759 228 826 δὴ
268 759 567 827 θαυμάζειν
606 767 719 820 πῶς
760 755 1022 812 Ἰουδαῖοι
1070 760 1223 821 ὄντες
1267 757 1642 825 Ἀλεξανδρεῖς
1685 758 1838 826 ἐκλή-

156 851 358 914 θησαν,
411 855 505 915 τῆς
552 846 742 915 ὁμοίας
796 846 1165 908 ἀπαιδευσίας.
1248 847 1445 909 πάντες
1498 847 1602 915 γὰρ
1655 847 1713 898 οἰ
1762 849 1838 909 εἰς

157 934 410 988 ἀποικίαν
449 935 572 988 τινὰ
618 934 1075 1003 κατακληθέντες,
1131 933 1235 987 κᾶν
1281 938 1539 987 πλεῖστον
1583 933 1835 1002 ἀλλήλων

89 1045 132 1077 10
156 1032 268 1085 τοῖς
306 1022 486 1090 γένεσι
527 1022 884 1093 διαφέρωσιν,
923 1022 1027 1076 ἀπὸ
1060 1032 1169 1076 τῶν
1202 1025 1458 1076 οἰκιστῶν
1492 1024 1594 1091 τὴν
1633 1037 1837 1092 προση-

153 1114 350 1179 γορίαν
389 1112 743 1181 λαμβάνουσι.
812 1111 957 1179 <39>
995 1110 1086 1164 καὶ
1125 1113 1183 1164 τί
1217 1113 1305 1164 δεῖ
1338 1109 1462 1181 περὶ
1502 1120 1613 1164 τῶν
1653 1113 1835 1164 ἄλλων

153 1197 358 1266 λέγειν;
422 1200 602 1253 αὐτῶν
656 1201 760 1268 γὰρ
808 1199 962 1268 ἡμῶν
1011 1200 1070 1253 οἰ
1116 1200 1218 1267 τὴν
1266 1197 1602 1269 Ἀντιόχειαν
1655 1220 1854 1253 κατοι--

151 1294 378 1350 κοῦντες
433 1285 724 1358 Ἀντιοχεῖς
779 1288 1162 1357 ὀνομάζονται·
1225 1289 1327 1356 τὴν
1387 1289 1492 1356 γὰρ
1553 1291 1834 1342 πολιτείαν

151 1375 338 1438 αὐτοῖς
400 1377 602 1429 ἔδωκεν
659 1377 687 1430 ὁ
747 1379 965 1445 κτίστης
1019 1375 1306 1439 Σέλευκος.
1398 1377 1598 1446 ὁμοίως
1659 1377 1718 1429 oc
1774 1375 1834 1429 ἐν

6 1526 9 1527 ⁷
82 1488 124 1520 15
144 1462 355 1536 Ἐφέσῳ
402 1463 492 1516 καὶ
540 1466 673 1517 κατὰ
718 1467 820 1533 τὴν
871 1466 1043 1532 ἄλλην
1092 1463 1305 1518 Ἰωνίαν
1352 1475 1466 1528 τοῖς
1510 1463 1832 1534 αὐθιγενέσι

146 1556 394 1615 πολίταις
432 1552 816 1621 ὁμωνυμοῦσι,
862 1562 1024 1607 τοῦτο
1063 1555 1459 1623 παρασχόντων
1497 1554 1684 1616 αὐτοῖς
1721 1562 1834 1606 τῶν

146 1643 438 1711 διαδόχων.
523 1641 682 1710 <4Ο>
727 1641 759 1709 ἡ
817 1638 877 1694 δὲ
923 1639 1205 1710 Ῥωμαίων
1259 1644 1652 1710 φιλανθρωπία
1698 1649 1832 1694 πᾶσι

144 1738 344 1798 μικροῦ
383 1731 503 1782 δεῖν
541 1737 637 1798 τῆς
682 1730 866 1782 αὐτῶν
904 1732 1276 1798 προσηγορίας
1318 1728 1716 1798 μεταδέδωκεν,
1762 1730 1830 1782 οὐ

85 1803 90 1806 ⁴
142 1820 317 1887 μόνον
371 1817 642 1887 ἀνδράσιν
699 1817 837 1870 ἀλλὰ
894 1817 984 1871 καὶ
1049 1818 1306 1886 μεγάλοις
1368 1820 1593 1871 ἔθνεσιν
1656 1817 1829 1881 ὅλοις·

17 1923 22 1925 ’
72 1904 343 1976 2οἽβηρες
381 1915 521 1975 γοῦν
562 1908 619 1961 oc
651 1906 819 1960 πάλαι
857 1905 949 1960 καὶ
997 1905 1275 1976 Τυρρηνοὶ
1312 1905 1403 1959 καὶ
1436 1910 1673 1976 Σαβῖνοι
1703 1904 1830 1959 Ῥω-

141 2004 294 2064 μαῖοι
340 2000 652 2049 καλοῦνται.
729 1996 873 2063 <41>
922 1997 972 2048 εἰ
1017 1992 1077 2049 δὲ
1127 2003 1325 2049 τοῦτον
1371 1994 1685 2064 ἀφαιρεῖται
1730 1997 1829 2049 τὸν

139 2087 347 2153 τρόπον
386 2093 480 2152 τῆς
518 2087 794 2147 πολιτείας
831 2082 1052 2151 Ἀπίων,
1092 2084 1399 2136 παυσάσθω
1441 2082 1618 2151 λέγων
1657 2084 1828 2138 αὑτὸν

132 2170 514 2241 Ἀλεξανδρέα·
569 2171 861 2241 γεννηθεὶς
899 2173 1031 2241 γάρ,
1078 2173 1151 2236 ὡς
1187 2181 1473 2242 προεῖπον,
1517 2171 1578 2225 έν
1616 2173 1690 2243 τῷ
1730 2174 1827 2240 βα-

137 2261 360 2333 θυτάτῳ
399 2269 495 2329 τῆς
532 2262 847 2329 Αἰγύπτου,
892 2269 1006 2323 πῶς
1045 2260 1114 2314 ὀὲν
1146 2258 1536 2330 Ἀλεξανδρεὺς
1574 2266 1685 2329 εἴη,
1732 2267 1828 2328 τῆς

69 2371 114 2405 25
137 2351 271 2403 κατὰ
326 2351 486 2403 δόσιν
539 2353 846 2418 πολιτείας,
899 2350 974 2413 ὡς
1027 2350 1194 2412 αὐτὸς
1243 2347 1330 2418 ἐφ’
1373 2349 1529 2418 ἡμῶν
1574 2349 1825 2418 ἠξίωκεν,

137 2436 563 2507 ἀναιρουμένης;
602 2440 779 2492 καίτοι
818 2441 1008 2507 μόνοις
1040 2440 1365 2507 Αἰγυπτίοις
1404 2439 1462 2491 οἱ
1495 2438 1678 2506 κύριοι
1716 2446 1823 2491 νῦν

127 2525 383 2595 Ῥωμαῖοι
444 2535 540 2596 τῆς
601 2526 928 2596 οἰκουμένης
989 2527 1426 2596 μεταλαμβάνειν
1486 2526 1823 2594 ἡστινοσοῦν

134 2618 410 2678 πολιτείας
464 2615 833 2684 ἀπειρήκασιν.
924 2616 1081 2684 <42>
1137 2616 1166 2669 ὃ
1215 2613 1262 2668 δ’
1311 2615 1484 2678 οὕτως
1537 2612 1649 2667 ἐστὶ
1698 2633 1823 2681 γεν-

133 2714 288 2767 ναῖος
336 2704 409 2767 ὡς
454 2703 696 2774 μετέχειν
743 2703 912 2768 ἀξιῶν
958 2700 1246 2767 αὐτὸςσῶν
1296 2713 1482 2774 τυχεῖν
1534 2702 1822 2767 ἐκωλύετο,

66 2814 110 2847 zo
134 2802 502 2862 συκοφαντεῖν
551 2793 863 2862 ἐπεχείρησε
917 2795 1049 2856 τοὺς
1106 2794 1332 2856 δικαίως
1385 2794 1669 2861 λαβόντας.
1753 2791 1821 2844 οὐ

132 2882 237 2950 γὰρ
277 2880 479 2954 ἀπορία
518 2901 579 2950 γε
617 2891 726 2934 τῶν
764 2883 1102 2949 οἰκησόντων
1141 2882 1242 2949 τὴν
1282 2882 1414 2950 μετὰ
1447 2882 1692 2949 σπουδῆς
1721 2877 1815 2933 ὑπ’
