2032 3128
194 132 306 186 200
802 135 961 176 RATA
991 134 1273 177 ΑΠΙῼΝΟΣ

194 266 346 335 ἡμῖν,
384 270 433 318 Τ
430 270 587 335 ι’μαος
626 268 814 336 ὄνομα.
878 266 966 320 ἐπὶ
1004 269 1203 322 τούτου
1237 267 1338 320 οὐκ
1379 264 1484 321 οἷδ’
1513 268 1659 331 ὅπως
1691 269 1719 322 ὁ
1751 266 1883 332 θεὸς

197 353 584 424 ἀντέπνευσεν,
637 354 727 408 καὶ
780 355 1102 425 παραδόξως
1148 356 1207 409 ἐκ
1253 365 1363 409 τῶν
1416 358 1553 425 πρὸς
1607 356 1882 426 ἀνατολὴν

195 452 378 511 μερῶν
433 445 724 513 ἄνθρωποι
778 446 839 497 τὸ
893 444 1053 512 γένος
1106 446 1308 514 ἄσημοι
1368 447 1885 514 καταθαρρήσαντες

198 530 285 584 ἐπὶ
325 532 424 599 τὴν
463 533 649 601 χώραν
685 532 1073 600 ἐστράτευσαν,
1111 531 1201 585 καὶ
1242 533 1447 604 ῥᾳδίως
1486 532 1717 602 ἀμαχητὶ
1757 535 1883 586 ταύ-

194 640 295 687 την
327 620 463 673 κατὰ
501 620 698 689 κράτος
729 614 900 689 εἶλον,
941 622 1083 689 <76>
1123 619 1214 674 καὶ
1245 624 1374 684 τοὺς
1409 621 1883 690 ἡγεμονεύσαντας
1929 643 1950 683 5

197 707 257 761 ἐν
297 708 433 778 αὐτῇ
481 709 878 778 χειρωσάμενοι
916 711 977 762 τὸ
1018 711 1215 763 λοιπὸν
1254 710 1348 772 τάς
1394 729 1450 762 τε
1496 713 1681 772 πόλεις
1727 711 1885 778 ὠμῶς

197 795 505 865 ἐνέπρησαν
551 795 641 850 καὶ
694 799 758 860 τὰ
815 799 933 867 ίερά
979 808 1090 850 τῶν
1137 803 1288 851 θεῶν
1335 797 1699 867 κατέσκαψαν,
1752 804 1897 851 πᾶσι

197 883 258 938 δὲ
311 896 426 948 τοῖς
482 885 793 955 ἐπιχωρίοις
848 887 1152 956 έχθρότατά
1207 905 1321 950 πως
1377 887 1704 956 ἐχρήσαντο,
1757 889 1887 950 τοὺς

197 972 298 1043 μὲν
339 976 651 1043 σφάζοντες,
690 984 801 1028 τῶν
838 975 898 1028 δὲ
937 974 1027 1028 καὶ
1067 976 1132 1027 τὰ
1171 974 1334 1028 τέκνα
1373 975 1465 1028 καὶ
1503 986 1770 1044 γυναῖκας
1808 977 1887 1038 εἰς

197 1065 458 1116 δουλείαν
494 1064 736 1130 ἄγοντες.
808 1065 875 1131 <7
885 1064 953 1133 7>
991 1063 1159 1132 πέρας
1195 1061 1256 1117 δὲ
1294 1063 1385 1117 καὶ
1423 1063 1653 1133 βασιλέα
1693 1065 1790 1118 ἕνα
1831 1064 1885 1128 ἐξ
1911 1087 1955 1118 10
2013 1055 2016 1058 ¹

197 1152 381 1205 αὑτῶν
421 1151 704 1220 ἐποίησαν,
751 1146 793 1223 ᾧ
844 1154 1019 1221 ὄνομα
1062 1149 1132 1221 ἧν
1164 1154 1418 1215 Σάλατις.
1496 1152 1586 1206 καὶ
1628 1150 1787 1215 οὗτος
1827 1153 1886 1206 έν

194 1248 259 1310 τῇ
306 1239 558 1309 Μέμφιδι
603 1243 935 1308 κατεγίνετο,
981 1243 1083 1308 τήν
1121 1261 1179 1294 τε
1218 1243 1332 1295 ἄνω
1380 1240 1471 1294 καὶ
1517 1242 1661 1295 κάτω
1701 1244 1887 1313 χώραν

196 1331 579 1398 δασμολογῶν,
611 1326 702 1381 καὶ
728 1330 985 1397 φρουρὰν
1011 1328 1070 1382 ἐν
1093 1339 1210 1392 τοῖς
1234 1329 1697 1399 ἐπιτηδειοτάτοις
1727 1351 1888 1384 κατα-

196 1421 401 1471 λείπων
455 1419 658 1480 τόποις.
747 1418 980 1486 μάλιστα
1036 1415 1097 1470 δὲ
1158 1416 1250 1470 καὶ
1305 1419 1370 1471 τὰ
1423 1420 1560 1487 πρὸς
1614 1419 1889 1487 ἀνατολὴν

194 1507 539 1576 ἠσφαλίσατο
574 1505 728 1576 μέρη,
768 1507 1157 1575 προορώμενος
1187 1505 1498 1576 Ἀσσυρίων
1533 1504 1664 1561 ποτε
1703 1511 1889 1577 μεῖζον
1915 1528 1960 1561 15

198 1597 504 1665 ἰσχυόντων
561 1594 830 1663 ἐσομένην
889 1595 1159 1666 ἐπιθυμία
1219 1604 1316 1664 τῆς
1378 1596 1549 1649 αὐτοῦ
1611 1599 1892 1665 βασιλείας

197 1685 418 1753 ἔφοδον.
491 1683 637 1752 <78>
678 1683 860 1751 εὑρὼν
900 1682 961 1736 δὲ
1002 1684 1061 1737 ἐν
1101 1692 1254 1756 νομῷ
1295 1692 1369 1755 τῷ
1404 1688 1686 1756 Σεθροΐτῃ
1725 1689 1890 1739 πόλιν

197 1771 636 1841 ε’πικαιροτάτην,
676 1771 935 1841 κειμένην
976 1770 1077 1842 μὲν
1116 1774 1252 1842 πρὸς
1292 1773 1570 1842 ἀνατολὴν
1606 1782 1706 1828 τοῦ
1746 1778 1890 1827 Βου-

196 1863 457 1927 βαστίτου
503 1868 782 1929 ποταμοῦ,
828 1860 1177 1930 καλουμένην
1224 1857 1273 1914 δ’
1313 1862 1418 1915 ἀπό
1467 1882 1616 1925 τινος
1663 1863 1891 1933 ἀρχαίας

195 1953 490 2017 θεολογίας
529 1950 767 2020 Αὔαριν,
815 1950 1022 2019 ταύτην
1062 1950 1244 2003 ἔκτισέ
1276 1970 1332 2003 τε
1371 1950 1462 2003 καὶ
1502 1961 1616 2014 τοῖς
1654 1955 1890 2022 τείχεσιν
1913 1974 1959 2006 20

197 2037 549 2107 ὀχυρωτάτην
584 2037 857 2107 ἐποίησεν,
892 2038 1165 2102 ἐνοικίσας
1197 2040 1334 2110 αὐτῇ
1367 2038 1457 2092 καὶ
1488 2044 1704 2108 πλῆθος
1737 2041 1890 2094 ὁπλι-

196 2135 308 2179 τῶν
355 2128 434 2188 εἰς
488 2132 663 2179 εἴκοσι
717 2126 808 2179 καὶ
854 2126 1120 2196 τέσσαρας
1167 2130 1439 2197 μυριάδας
1486 2129 1710 2197 ἀνδρῶν
1757 2149 1891 2199 προ-

197 2218 469 2284 φυλακήν.
546 2216 691 2284 <79>
733 2215 938 2269 ἐνθάδε
984 2218 1120 2270 κατὰ
1159 2217 1387 2286 θέρειαν
1425 2219 1640 2288 ἤρχετο,
1685 2220 1750 2272 τὰ
1790 2207 1897 2288 μὲν

198 2313 535 2373 σιτομετρῶν
573 2303 663 2357 καὶ
712 2309 1092 2376 μισθοφορίαν
1131 2309 1530 2377 παρεχόμενος,
1577 2309 1643 2360 τὰ
1692 2305 1754 2361 δὲ
1799 2306 1891 2361 καὶ

196 2402 314 2455 ταῖς
369 2391 702 2456 έξοπλισίαις
761 2396 898 2462 πρὸς
949 2380 1140 2464 ιφόβον
1193 2405 1303 2448 τῶν
1358 2396 1568 2459 ἔξωθεν
1623 2396 1890 2465 ἐπιμελῶς
1916 2416 1959 2450 25

196 2481 504 2549 γυμνάζων.
582 2482 748 2550 ἄρξας
795 2479 844 2535 δ’
886 2482 1258 2538 ἐννεακαίδεκ’
1299 2487 1390 2553 ἔτη
1445 2476 1543 2538 τὸν
1599 2487 1726 2553 βίον
1782 2484 1890 2538 ἐτε-

196 2571 477 2638 λεύτησεν.
542 2570 688 2638 <8Ο>
727 2572 860 2639 μετὰ
899 2580 1099 2626 τοῦτον
1132 2571 1181 2625 δ’
1205 2573 1388 2642 ἔτερος
1420 2573 1738 2640 ἐβασίλευσε
1773 2572 1892 2627 τέσ-

199 2673 339 2727 σαρα
377 2656 469 2711 καὶ
507 2660 916 2726 τεσσαράκοντα
957 2663 1075 2730 ἔτη,
1119 2663 1460 2730 καλούμενος
1497 2664 1680 2730 Βηών.
1759 2659 1884 2731 μεθ’

198 2746 263 2799 ὃν
310 2748 476 2809 ἄλλος
515 2743 784 2816 Ἀπαχνάς
831 2748 885 2812 ἓξ
939 2748 1031 2802 καὶ
1081 2750 1376 2818 τριάκοντα
1425 2752 1515 2819 ἔτη
1571 2749 1662 2803 καὶ
1717 2758 1892 2819 μῆνας

197 2832 348 2902 ἑπτά,
388 2833 669 2888 ἔπειτάδὲ
706 2835 798 2888 καὶ
837 2835 1083 2907 ’Ἀπωφις
1121 2840 1183 2893 ἓν
1215 2838 1306 2892 καὶ
1346 2837 1626 2908 ἑξήκοντα,
1665 2838 1757 2892 καὶ
1790 2837 1889 2891 Ἰα-
1914 2858 1959 2890 30

196 2926 318 2985 νίας
356 2926 694 2992 πεντήκοντα
733 2924 824 2978 καὶ
862 2933 1009 2995 μῆνα
1049 2927 1171 2996 ἕνα,
1216 2928 1360 2998 <81>
1400 2926 1487 2981 ἐπὶ
1526 2936 1658 2981 πᾶσι
1701 2925 1761 2981 δὲ
1800 2926 1890 2980 καὶ
