2032 3128
677 145 888 187 ΑοΓοΣ
918 145 1240 187 ΠΡοΤΕΡοΣ
1454 145 1458 148 ’
1695 142 1760 194 21
1773 143 1800 194 1

119 265 536 348 συγγραφεῦσιν
592 279 664 341 ὡς
724 279 901 348 μάτην
955 277 1234 346 οἰομένοις
1287 279 1394 331 ὑπὸ
1450 278 1808 348 Σεμιράμεως

116 373 212 434 τῆς
252 362 542 436 Ἀσσυριάς
579 372 876 436 κτισθῆναι
915 368 1016 436 τὴν
1053 369 1392 436 Βαβυλῶνα,
1437 365 1528 419 καὶ
1567 368 1632 419 τὰ
1669 372 1805 420 θαυ-

117 454 287 522 μάσια
333 460 850 524 κατασκευασθῆναι
895 452 1018 525 περὶ
1066 455 1241 524 αὐτὴν
1280 453 1373 507 ὑπ’
1415 454 1627 524 ἐκείνης
1674 457 1807 526 ἔργα

116 544 334 606 ψευδῶς
387 546 705 612 γεγραφόσι.
789 543 969 611 <143>
1016 541 1107 596 καὶ
1157 545 1294 596 κατὰ
1339 552 1510 597 ταῦτα
1557 544 1659 611 τὴν
1705 540 1808 613 μὲν

71 651 92 685 5
116 639 225 683 τῶν
257 631 553 684 Χαλδαίων
585 632 916 701 ἀναγραφὴν
948 630 1266 695 ἀξιόπιστον
1297 630 1552 700 ἡγητέον,
1593 631 1660 684 οὐ
1699 632 1809 700 μὴν

115 718 255 771 ἀλλὰ
300 718 404 771 κάν
450 730 566 783 τοῖς
611 719 853 789 ἀρχείοις
898 729 1010 773 τῶν
1053 723 1336 773 Φοινίκων
1376 720 1650 789 σύμφωνα
1696 729 1812 782 τοῖς

115 807 222 861 ὑπὸ
253 811 563 878 Βηρωσσοῦ
595 808 915 878 λεγομένοις
950 807 1358 877 ἀναγέγραπται
1397 806 1521 877 περὶ
1561 817 1661 862 τοῦ
1699 819 1810 862 τῶν

114 899 496 965 Βαβυλωνίων
542 896 835 965 βασιλέως,
893 897 976 950 ὅτι
1023 895 1114 949 καὶ
1160 898 1261 964 τὴν
1302 900 1523 967 Συρίαν
1568 895 1660 950 καὶ
1707 899 1809 966 τὴν

118 987 390 1053 Φοινίκην
439 986 658 1038 ἅπασαν
706 985 913 1048 ἐκεῖνος
958 984 1377 1054 κατεστρέψατο.
1455 984 1637 1054 <144>
1682 984 1809 1055 περὶ

49 1095 93 1126 ιο
115 1074 328 1126 τούτων
366 1080 507 1141 γοῦν
547 1082 838 1143 συμφωνεῖ
871 1071 962 1126 καὶ
997 1075 1374 1143 Φιλόστρατος
1414 1073 1474 1126 ἐν
1506 1082 1626 1136 ταῖς
1666 1074 1808 1127 ίστο-

43 1168 46 1172 ’
116 1165 283 1229 ρίαις,
331 1160 675 1230 μεμνημένος
720 1169 816 1231 τῆς
860 1163 1045 1231 Τύρου
1092 1165 1438 1231 πολιορκίας,
1488 1160 1579 1215 καὶ
1618 1165 1808 1230 Μεγα-

116 1248 323 1318 σθένης
361 1249 422 1303 ἐν
451 1258 517 1319 τῇ
549 1251 774 1321 τετάρτῃ
813 1260 924 1303 τῶν
956 1248 1226 1317 Ἰνδικῶν,
1268 1248 1343 1303 δι’
1374 1246 1439 1319 ἧς
1474 1250 1807 1320 ἀποφαίνειν

114 1346 366 1407 πειρᾶται
412 1341 510 1393 τὸν
555 1338 960 1409 προειρημένον
1003 1338 1233 1408 βασιλέα
1279 1348 1390 1392 τῶν
1429 1341 1808 1407 Βαβυλωνίων

106 1425 448 1497 “Ηρακλέους
479 1426 710 1499 ἀνδρεία
741 1427 830 1480 καὶ
863 1427 1087 1497 μεγέθει
1118 1426 1372 1497 πράξεων
1401 1427 1806 1498 διενηνοχέναι·

49 1538 91 1570 15
113 1514 597 1586 καταστρέψασθαι
636 1518 741 1587 γὰρ
782 1517 954 1570 αὐτόν
986 1531 1123 1586 φησι
1162 1516 1253 1569 καὶ
1287 1518 1500 1586 Λιβύης
1538 1517 1640 1584 τὴν
1675 1521 1807 1570 πολ-

115 1605 220 1673 λὴν
266 1603 357 1658 καὶ
398 1604 660 1675 Ἰβηρίαν.
740 1606 923 1674 <145>
962 1606 1028 1658 τὰ
1068 1603 1130 1658 δὲ
1176 1603 1302 1674 περὶ
1342 1613 1442 1659 τοῦ
1489 1614 1630 1659 ναοῦ
1676 1624 1809 1675 προ-

116 1692 376 1762 ειρημένα
429 1702 530 1747 τοῦ
577 1693 638 1747 ἐν
677 1692 1106 1764 Ἱεροσολύμοις,
1161 1694 1244 1747 ὅτι
1298 1695 1652 1763 κατεπρήσθη
1708 1691 1809 1763 μὲν

113 1783 223 1836 ὑπὸ
277 1791 389 1836 τῶν
439 1785 819 1850 Βαβυλωνίων
875 1781 1435 1853 ἐπιστρατευσάντων,
1491 1782 1691 1853 ἤρξατο
1747 1780 1809 1835 δὲ

113 1871 282 1924 πάλιν
315 1870 808 1940 ἀνοικοδομεῖσθαι
834 1872 1028 1942 Κύρου
1059 1879 1152 1940 τῆς
1175 1870 1357 1934 Ἀσίας
1387 1872 1488 1940 τὴν
1520 1873 1808 1940 βασιλείαν

11 1961 17 1964 ”
46 1982 91 2014 20
113 1962 532 2030 παρειληφότος,
573 1960 632 2013 ἐκ
663 1970 774 2013 τῶν
802 1963 1112 2029 Βηρωσσοῦ
1145 1955 1332 2029 σαφῶς
1365 1959 1810 2029 ἐπιδειχθήσεται

111 2047 554 2118 παρατεθέντων.
617 2048 763 2117 λέγει
795 2051 901 2118 γὰρ
935 2050 1079 2103 οὕτω
1113 2050 1206 2101 διὰ
1237 2057 1331 2117 τῆς
1361 2050 1561 2118 τρίτης.
1624 2049 1809 2117 <146>

113 2137 709 2209 “Ναβουχοδονόσορος
763 2135 863 2207 μὲν
915 2135 1018 2192 οὗν
1072 2139 1205 2208 μετὰ
1259 2141 1322 2192 τὸ
1376 2136 1651 2206 ἄρξασθαι
1706 2145 1808 2191 τοῦ

111 2226 517 2296 προειρημένου
567 2230 784 2297 τείχους
830 2227 1080 2297 ἐμπεσὼν
1126 2229 1203 2290 εἰς
1250 2226 1563 2297 ἀρρωστίαν
1609 2228 1806 2294 μετήλ-

113 2315 238 2380 λαξε
284 2317 383 2369 τὸν
429 2318 575 2385 βίον,
621 2317 1024 2384 βεβασιλευκὼς
1071 2318 1162 2384 ἔτη
1209 2315 1616 2385 τεσσαράκοντα
1663 2318 1806 2383 τρία,

45 2425 88 2458 25
112 2411 207 2472 τῆς
239 2402 300 2457 δὲ
331 2407 615 2473 βασιλείας
649 2404 841 2471 κύριος
872 2401 1088 2471 ἐγένετο
1122 2404 1150 2456 ὁ
1182 2403 1303 2466 υίὸς
1334 2402 1507 2456 αὐτοῦ
1532 2403 1806 2471 Εὐειλμα-

113 2493 398 2563 ράδουχος.
468 2492 652 2562 <147>
692 2489 855 2555 οὗτος
891 2493 1130 2560 προστὰς
1167 2500 1279 2544 τῶν
1309 2491 1646 2560 πραγμάτων
1678 2490 1806 2544 ἀνό-

113 2601 226 2650 μως
265 2580 358 2635 καὶ
397 2581 658 2650 ἀσελγῶς,
699 2579 1120 2650 ἐπιβουλευθεὶς
1150 2581 1259 2634 ὑπὸ
1291 2589 1390 2634 τοῦ
1422 2582 1524 2649 τὴν
1556 2579 1805 2648 ἀδελφὴν

113 2672 335 2739 ἔχοντος
359 2671 530 2724 αὐτοῦ
555 2671 1042 2740 Νηριγλισσοόρου
1067 2668 1333 2741 ἀνῃρέθη,
1357 2669 1689 2738 βασιλεύσας
1714 2670 1803 2736 ἔτη

115 2759 232 2812 δύο.
318 2759 452 2828 μετὰ
507 2756 569 2812 δὲ
623 2761 684 2813 τὸ
738 2758 1104 2828 ἀναιρεθῆναι
1158 2765 1358 2811 τοῦτον
1413 2756 1806 2826 διαδεξάμενος

0 2872 1 2909 3
47 2869 90 2902 30
113 2849 214 2916 τὴν
254 2846 430 2918 ἀρχὴν
470 2849 499 2902 ὁ
540 2847 938 2916 ἐπιβουλεύσας
977 2846 1123 2918 αὐτῷ
1161 2847 1641 2916 Νηριγλισσόορος
1681 2844 1804 2915 ἐβα-

114 2939 368 2990 σίλευσεν
416 2939 507 3005 ἔτη
561 2934 815 3006 τέσσαρα.
899 2934 1083 3003 <148>
1129 2935 1330 2988 τούτου
1383 2935 1504 2997 υίὸς
1553 2936 1804 3004 Λαβορο-

1450 3022 1536 3064 14*
