2032 3128
175 90 284 143 296
729 93 831 133 ΕΙΣ
861 91 1299 134 ΜΑΚΚΑΒΑΙΟΤΣ

176 226 343 277 ἔδωκε
404 220 536 276 καθ’
586 222 652 276 ὃν
711 226 1134 292 πολιτευόμενος
1193 225 1508 293 βασιλεύσει
1568 226 1854 292 βασιλείαν

177 312 439 382 σώφρονά
491 330 547 364 τε
602 309 691 364 καὶ
747 312 966 364 δικαιάν
1019 310 1110 364 καὶ
1163 311 1384 380 ἀγαθὴν
1433 310 1523 365 καὶ
1577 311 1853 380 ἀνδρείαν.

175 402 316 468 <31>
353 409 468 462 πῶς
507 395 626 468 οὖν,
672 404 816 453 εἴποι
854 419 937 462 τις
975 401 1061 468 ἄν,
1108 402 1164 453 εἰ
1203 410 1313 454 τῶν
1351 406 1550 454 παθῶν
1591 401 1855 467 δεσπότης

177 486 325 541 ἐστὶν
365 487 393 541 6
434 489 718 555 λογισμός,
765 490 943 556 λήθης
979 486 1069 540 καὶ
1110 487 1335 555 ἀγνοίας
1374 488 1441 541 οὐ
1479 498 1689 558 κρατεῖ;
1740 491 1855 541 ἔστι

179 574 239 630 δὲ
277 577 475 645 κομιδῇ
515 579 728 643 γελοῖος
760 575 789 628 6
821 578 1006 644 λόγος·
1048 575 1115 630 οὐ
1147 576 1250 646 γὰρ
1282 585 1392 630 τῶν
1427 574 1625 630 ἑαυτοῦ
1656 582 1856 630 παθῶν
1904 599 1926 632 5

179 666 207 719 6
241 665 501 733 λογισμὸς
532 662 841 733 ἐπικρατεῖν
875 664 1124 733 δύναται,
1156 663 1293 717 ἀλλὰ
1325 674 1435 718 τῶν
1466 672 1565 718 τοῦ
1598 665 1858 733 σώματος.

179 753 324 822 <32>
371 745 492 805 οἷον
537 751 839 820 ἐπιθυμίαν
885 771 967 814 τις
1013 752 1080 806 οὐ
1128 753 1359 806 δύναται
1405 752 1632 817 ἐκκόψαι
1687 752 1893 821 ἡμῶν,·

180 842 317 895 ἀλλὰ
364 843 424 894 τὸ
475 841 547 909 μὴ
596 841 953 908 δουλωθῆναι
998 848 1061 910 τῆ
1110 839 1378 913 ἐπιθυμία
1424 842 1655 894 δύναται
1701 841 1730 894 6
1770 845 1860 894 λο-

180 931 373 998 γισμὸς
431 927 827 998 παρασχέσθαι.
918 928 1062 997 <33>
1115 931 1302 998 θυμόν
1355 949 1438 991 τις
1499 929 1567 982 οὐ
1629 930 1861 982 δύναται

181 1018 406 1080 ἐκκόψαι
452 1017 608 1085 ἡμῶν
647 1024 741 1085 τῆς
778 1025 982 1087 ψυχῆς,
1030 1016 1168 1071 ἀλλὰ
1214 1025 1288 1090 τςό
1337 1023 1501 1089 θυμῷ
1551 1018 1786 1080 δυνατὸς
1831 1017 1860 1071 6
1886 1042 1930 1072 10

181 1106 441 1174 λογισμὸς
486 1108 735 1174 βοηθεῖν.
811 1106 1149 1174 κακοήθειάν
1195 1126 1277 1168 τις
1322 1105 1478 1175 ἡμῶν
1517 1106 1585 1159 οὐ
1631 1106 1864 1159 δύναται
1987 1092 1989 1094 ,

183 1194 428 1262 ἐκκόψαι,
460 1193 597 1246 ἀλλὰ
628 1201 702 1264 τῷ
737 1194 810 1262 μὴ
843 1199 1170 1263 καμφθῆναι
1201 1202 1265 1264 τῇ
1297 1197 1600 1265 κακοηθείᾳ
1633 1194 1878 1271 δύναται,

100 1312 103 1356 5
182 1283 211 1336 6
252 1284 511 1351 λογισμὸς
558 1289 930 1350 συμμαχῆσαι·
979 1283 1123 1350 <34>
1169 1282 1237 1336 οὐ
1285 1283 1389 1351 γὰρ
1431 1281 1717 1351 ἐκριζωτὴς
1754 1290 1865 1334 τῶν
1911 1271 1916 1274 ’

102 1388 108 1437 ζ
181 1376 380 1423 παθῶν
412 1371 441 1424 ὁ
475 1372 735 1438 λογισμός
769 1369 919 1423 ἐστιν
951 1367 1070 1423 ἀλλ’
1096 1369 1518 1439 ἀνταγωνιστής.
1575 1372 1690 1423 ἔστι
1728 1378 1867 1438 γοῦν

183 1467 343 1512 τοῦτο
392 1459 483 1510 διὰ
529 1466 624 1526 τῆς
669 1466 765 1511 τοῦ
807 1457 994 1512 Λαυὶδ
1039 1466 1139 1512 τοῦ
1186 1458 1455 1529 βασιλέως
1499 1461 1664 1527 δίψης
1703 1457 1867 1527 σαφέ-
1892 1482 1937 1514 15
2012 1500 2015 1501 ν

185 1561 380 1615 στερον
420 1545 857 1614 ἐπιλογίσασθαι.
934 1545 1050 1600 ἐπεὶ
1097 1548 1200 1617 γὰρ
1249 1545 1321 1601 δι’
1354 1548 1483 1615 ὅλης
1527 1555 1622 1616 τῆς
1666 1546 1870 1616 ἡμέρας

182 1640 437 1704 πολεμῶν
475 1637 604 1701 τοὺς
643 1634 992 1704 ἀλλοφύλους
1029 1638 1271 1699 πολλοὺς
1316 1635 1372 1699 ἐξ
1412 1636 1596 1689 αὐτῶν
1627 1635 1870 1689 ἀπέκτει-

185 1744 279 1777 νεν
320 1724 349 1777 6
389 1720 576 1776 Λαυὶδ
615 1724 748 1792 μετὰ
787 1732 899 1776 τῶν
938 1730 1038 1777 τοῦ
1085 1726 1290 1787 ἔθνους
1336 1734 1712 1794 στρατιωτῶν,
1747 1727 1870 1778 τότε

185 1813 252 1881 δὴ
308 1810 605 1880 γενομένης
659 1810 891 1881 ἑσπέρας
947 1814 1118 1882 ίδρῶν
1173 1811 1262 1866 καὶ
1318 1814 1537 1883 σφόδρα
1589 1813 1871 1882 κεκμηκὼς

185 1899 272 1953 ἐπὶ
317 1901 418 1969 τὴν
456 1901 738 1967 βασίλειον
786 1901 997 1968 σκηνὴν
1042 1897 1208 1968 ἦλθε,
1255 1900 1379 1970 περὶ
1425 1900 1495 1969 ἣν
1534 1900 1563 1954 6
1609 1908 1715 1963 πᾶς
1760 1909 1871 1952 τῶν
1895 1924 1941 1956 20

184 1990 476 2057 προγόνων
517 1991 758 2056 στρατὸς·
783 1987 1280 2058 ἐστρατοπεδεύκει.
1354 1988 1501 2057 <35>
1541 1989 1600 2042 οἱ
1633 1985 1734 2057 μὲν
1768 1984 1871 2042 οὖν

186 2079 345 2130 ἄλλοι
382 2077 581 2140 πάντες
617 2075 742 2146 περὶ
782 2078 842 2130 τὸ
877 2078 1105 2131 δεῖπνον
1137 2073 1299 2146 ἦσαν,
1339 2077 1367 2131 6
1402 2074 1465 2130 δὲ
1503 2079 1762 2146 βασιλεὺς
1801 2078 1874 2140 ὡς

187 2166 420 2234 μάλιστα
475 2167 675 2233 διψῶν,
728 2168 921 2235 καίπερ
978 2165 1267 2235 ἀφθόνους
1322 2168 1461 2235 ἔχων
1515 2166 1716 2234 πηγάς,
1773 2167 1874 2220 οὐκ

187 2255 430 2323 ἠδύνατο
464 2252 537 2307 δι’
560 2254 741 2309 αὐτῶν
775 2255 1039 2308 ἰάσασθαι
1069 2255 1170 2323 τὴν
1203 2252 1391 2323 δίψαν,
1423 2254 1561 2307 ἀλλά
1591 2274 1673 2317 τις
1703 2254 1874 2315 αὐτὸν

188 2341 476 2411 ἀλόγιστος
523 2341 790 2411 ἐπιθυμία
835 2350 935 2396 τοῦ
987 2343 1135 2411 παρὰ
1181 2353 1298 2406 τοῖς
1342 2346 1626 2412 πολεμιόις
1670 2342 1874 2405 ὕδατος
1898 2365 1942 2397 25

190 2430 534 2484 ἐπιτείνουσα
573 2429 885 2500 συνέφρυγε
931 2430 1022 2484 καὶ
1062 2433 1274 2485 λύουσα
1320 2429 1678 2500 κατέφλεγεν·
1730 2430 1875 2499 <36>

190 2519 328 2572 ὅθεν
373 2527 484 2572 τῶν
538 2518 959 2588 ὑπερασπιστῶν
1006 2518 1095 2572 ἐπὶ
1149 2527 1212 2590 τῆ
1266 2527 1366 2573 τοῦ
1419 2519 1686 2589 βασιλέως
1740 2520 1875 2590 δίψῃ

189 2610 637 2678 σχετλιαζόντων,
689 2617 835 2677 τρεῖς
887 2611 1169 2662 νεανίσκοι
1224 2617 1549 2678 στρατιῶται
1603 2612 1876 2677 καρτεροί,

158 2693 161 2695 Α
190 2694 644 2759 καταιδεσθέντες
681 2696 782 2764 τὴν
813 2705 913 2750 τοῦ
945 2696 1214 2766 βασιλέως
1249 2696 1570 2765 ἐπιθυμίαν,
1610 2698 1704 2758 τὰς
1741 2716 1876 2750 παν-

190 2788 406 2854 τευχιάς
444 2787 889 2854 καθωπλίσαντο,
929 2783 1019 2838 καὶ
1058 2786 1271 2854 κάλπην
1312 2788 1573 2854 λαβόντες
1610 2783 1875 2853 ὑπερέβη·
1901 2808 1945 2839 30

191 2888 295 2926 σαν
334 2875 461 2936 τοὺς
506 2883 617 2926 τῶν
663 2876 941 2942 πολεμίων
988 2873 1250 2944 χάρακας,
1297 2873 1388 2927 καὶ
1435 2875 1704 2935 λαθόντες
1749 2875 1878 2936 τοὺς
