2032 3128
734 116 944 158 ΛΟΓΟΣ
976 116 1295 158 ΠΡοΤΕΡοΣ
1746 113 1852 166 237

170 247 461 317 ἠθέλησεν,
501 249 530 301 ὁ
569 247 693 315 περὶ
733 258 844 301 τῶν
882 253 1099 319 λεπρῶν
1135 250 1195 302 τὸ
1227 257 1321 317 τῆς
1355 248 1557 312 Ἴσιδος
1588 248 1855 302 ἐνύπνιον

170 337 506 406 συμπλάσας.
583 337 764 405 <299>
811 345 885 408 τῷ
932 334 993 390 δὲ
1031 340 1270 390 Μωυσεῖ
1311 336 1401 390 καὶ
1446 339 1546 392 τὸν
1589 335 1855 406 Ἰώσηπον

170 426 199 478 ὁ
254 426 570 494 Χαιρήμων,
625 426 699 488 ὡς
753 425 813 478 ἐν
867 425 1045 497 ταύτῷ
1098 428 1279 499 χρόνῳ
1334 425 1854 495 συνεξεληλαμένον,

168 513 579 581 προστέθεικεν,
618 516 716 568 τὸν
754 517 860 582 πρὸ
893 513 1167 577 Μωυσέος
1204 516 1579 585 πρεσβύτερον
1610 514 1857 582 τέτταρσι

123 623 145 655 5
170 610 383 668 γενεαῖς
424 605 869 670 τετελευτηκότα,
916 597 994 655 ὧν
1042 601 1191 656 ἐστιν
1239 605 1331 672 ἔτη
1380 605 1578 673 σχεδὸν
1626 601 1856 672 ἑβδομή-

171 709 338 743 κοντα
391 689 482 743 καὶ
530 689 739 743 ἑκατόν.
822 690 1004 760 <300>
1057 690 1196 744 ἀλλὰ
1250 693 1359 760 μὴν
1410 692 1440 745 ὁ
1487 689 1778 759 Ῥαμέσσης
1827 691 1857 745 ὁ

171 786 271 831 τοῦ
302 776 644 847 Ἀμενώφιος
681 779 802 841 υίὸς
838 780 975 832 κατὰ
1015 777 1115 847 μὲν
1153 781 1250 833 τὸν
1277 783 1605 846 Μανεθῶνα
1636 782 1859 842 νεανίας

172 871 512 935 συμπολεμεῖ
553 874 628 937 τῷ
673 866 837 935 πατρὶ
875 866 966 920 καὶ
1006 870 1358 921 συνεκπίπτει
1404 867 1603 936 φυγὼν
1641 868 1719 930 εἰς
1755 868 1858 935 τὴν

171 956 498 1022 Αἰθιοπίαν,
552 951 714 1018 οὗτος
760 952 821 1008 δὲ
867 959 1162 1024 πεποίηκεν
1209 955 1379 1010 αὐτὸν
1428 957 1560 1025 μετὰ
1608 956 1708 1023 τὴν
1758 963 1858 1008 τοῦ

105 1067 147 1097 10
170 1045 375 1109 πατρὸς
431 1044 691 1111 τελευτὴν
745 1043 806 1096 ἐν
861 1046 1108 1116 σπηλαίῳ
1162 1042 1273 1098 τινὶ
1326 1043 1713 1114 γεγενημένον,
1767 1041 1859 1096 καὶ

170 1132 303 1199 μετὰ
357 1140 526 1185 ταῦτα
590 1140 830 1185 νικῶντα
892 1133 1035 1203 μάχῃ
1096 1130 1187 1186 καὶ
1241 1135 1370 1195 τοὺς
1423 1130 1727 1194 Ἰουδαίους
1783 1133 1860 1194 εἰς

169 1225 388 1290 Συρίαν
420 1220 782 1285 ἐξελαύνοντα
820 1222 916 1274 τὸν
950 1220 1195 1290 ἀριθμὸν
1228 1223 1391 1285 ὄντας
1427 1220 1552 1290 περὶ
1588 1220 1859 1290 μυριάδας

169 1315 393 1362 εἴκοσιν.
469 1309 651 1377 <301>
692 1309 734 1362 ὢ
781 1318 876 1378 τῆς
921 1309 1217 1379 εὐχερείας·
1271 1310 1397 1362 οὔτε
1444 1310 1548 1377 γὰρ
1588 1311 1858 1378 πρότερον

169 1399 369 1460 οἵτινες
413 1394 556 1466 ἦσαν
603 1398 664 1450 αἱ
713 1398 1006 1466 τριάκοντα
1052 1397 1143 1451 καὶ
1191 1398 1331 1451 ὀκτὼ
1379 1398 1640 1466 μυριάδες
1690 1393 1859 1464 εἶπεν,

104 1510 145 1540 15
170 1487 295 1539 οὔτε
351 1496 465 1549 πῶς
526 1487 588 1539 αἱ
642 1487 1039 1557 τετταράκοντα
1100 1485 1191 1539 καὶ
1247 1495 1392 1555 τρεῖς
1455 1485 1859 1556 διεφθάρησαν,

166 1576 403 1643 πότερον
442 1573 505 1627 ἐν
544 1582 607 1645 τῇ
648 1575 792 1645 μάχῃ
838 1574 1138 1629 κατέπεσον
1178 1574 1211 1643 ἢ
1249 1577 1385 1643 πρὸς
1423 1576 1520 1628 τὸν
1560 1572 1859 1642 Ῥαμέσσην

166 1663 547 1732 μετεβάλοντο.
631 1663 813 1732 (302)
859 1665 920 1717 τὸ
969 1661 1030 1717 δὲ
1077 1665 1146 1733 δὴ
1193 1664 1671 1732 θαυμασιώτατον,
1727 1659 1860 1716 οὐδὲ

166 1754 320 1814 τίνας
366 1757 524 1804 καλεῖ
567 1754 697 1815 τοὺς
738 1751 1042 1815 Ἰουδαίους
1086 1754 1328 1805 δυνατόν
1367 1751 1481 1805 ἐστι
1521 1748 1648 1821 παρ’
1688 1750 1859 1804 αὐτοῦ

166 1845 389 1909 μαθεῖν,
435 1840 469 1908 ἢ
508 1840 760 1911 ποτέροις
799 1840 980 1894 αὐτῶν
1020 1844 1230 1894 τίθεται
1272 1842 1477 1909 ταύτην
1514 1842 1616 1909 τὴν
1654 1852 1860 1910 προση-

11 1938 19 1942 ”
100 1952 144 1983 20
167 1932 383 1997 γορίαν,
428 1938 546 1992 ταῖς
584 1935 758 1983 εἴκοσι
797 1929 956 1983 πέντε
996 1930 1224 2000 μυριάσι
1263 1939 1373 1983 τῶν
1413 1935 1631 1997 λεπρῶν
1670 1929 1703 1998 ἢ
1742 1937 1861 1991 ταῖς

167 2017 307 2070 ὀκτὼ
356 2016 447 2070 καὶ
486 2018 779 2087 τριάκοντα
824 2028 943 2081 ταῖς
987 2017 1112 2087 περὶ
1159 2020 1220 2072 τὸ
1260 2019 1599 2087 Πηλούσιον.
1676 2017 1859 2085 <303>

166 2105 305 2158 ἀλλὰ
351 2107 455 2174 γὰρ
503 2107 706 2175 εὔηθες
744 2112 876 2169 ἴσως
914 2106 984 2160 ἂν
1024 2112 1106 2175 εἴη
1155 2107 1247 2159 διὰ
1294 2109 1570 2159 πλειόνων
1616 2104 1859 2175 ἐλέγχειν

165 2196 294 2257 τοὺς
345 2190 446 2264 ὑφ’
500 2193 713 2248 ἑαυτῶν
768 2195 1190 2265 ἐληλεγμένους·
1253 2197 1315 2249 τὸ
1368 2196 1472 2266 γὰρ
1527 2192 1623 2248 ὑπ’
1673 2195 1859 2247 ἄλλων

164 2278 235 2350 ἦν
274 2285 654 2353 μετριώτερον.

99 2393 141 2424 25
278 2371 460 2439 <304>
512 2371 776 2436 ἐπεισάξω
825 2369 886 2425 δὲ
933 2373 1149 2435 τούτοις
1194 2374 1541 2442 Λυσίμαχον,
1595 2374 1859 2441 εἰληφότα

166 2457 267 2527 μὲν
306 2462 407 2529 τὴν
446 2459 620 2528 αὐτὴν
659 2469 774 2523 τοῖς
814 2459 1232 2530 προειρημένοις
1269 2461 1544 2514 ὑπόθεσιν
1583 2467 1683 2514 τοῦ
1721 2460 1855 2523 ψεύ-

166 2563 367 2617 σματος
401 2548 525 2617 περὶ
557 2559 668 2602 τῶν
700 2554 917 2619 λεπρῶν
948 2547 1040 2602 καὶ
1071 2547 1492 2619 λελωβημένων,
1529 2549 1856 2616 ὑπερπεπαι-

164 2639 297 2690 κότα
338 2634 399 2690 δὲ
438 2639 538 2706 τὴν
579 2637 806 2691 ἐκείνων
846 2637 1225 2706 ἀπιθανότητα
1263 2648 1378 2700 τοῖς
1415 2638 1724 2706 πλάσμασι,
1768 2638 1856 2690 διὸ

143 2723 255 2777 ,καὶ
303 2727 468 2794 δῆλός
519 2725 632 2779 ἐστι
680 2727 1047 2789 συντεθεικὼς
1092 2727 1229 2779 κατὰ
1277 2727 1491 2795 πολλὴν
1541 2725 1855 2796 ἀπέχθειαν.

99 2834 142 2867 30
166 2813 347 2882 <305>
388 2814 533 2883 λέγει
571 2816 678 2883 γὰρ
719 2813 806 2868 ἐπὶ
845 2817 1166 2885 Βοκχόρεως
1202 2823 1302 2870 τοῦ
1338 2817 1661 2883 Αἰγυπτίων
1699 2818 1857 2883 βασι-

165 2901 300 2966 λέως
354 2905 452 2956 τὸν
513 2905 648 2957 λαὸν
702 2913 812 2956 τῶν
866 2901 1179 2972 Ἰουδαίων,
1240 2906 1477 2974 λεπροὺς
1538 2906 1702 2966 ὄντας
1762 2902 1853 2956 καὶ

1891 2387 1948 2426 34
