2032 3128
714 154 923 196 ΛΟΓΟΣ
954 154 1271 199 ΔΕΥΤΕΡΟΣ
1381 218 1385 223 ,
1722 154 1828 207 261

156 286 183 339 ὁ
240 288 586 356 λυχνοφόρος
633 285 840 350 ἐκεῖνος
888 286 1125 360 ἀνέῳξεν
1176 288 1245 341 ὀὲν
1297 288 1537 353 ἀνοίξειν
1590 291 1842 359 οἰόμενος

153 373 242 426 καὶ
283 375 384 442 τὴν
422 382 521 427 τοῦ
559 375 875 444 κάνθωνος,
917 377 991 440 ὡς
1031 375 1184 448 ᾤετο,
1224 379 1470 446 κεφαλὴν
1511 380 1666 448 ἔχων.
1742 380 1841 431 πό-

152 482 312 531 τερον
353 458 455 515 οὖν
495 463 669 532 αὐτὴν
706 464 873 517 πάλιν
906 465 978 528 ὡς
1008 465 1149 534 ἡμᾶς
1185 464 1539 534 ἀνέστρεψεν,
1578 465 1611 533 ἢ
1651 467 1838 535 λαβὼν

147 552 349 604 Ἀπίων
403 551 575 619 αὐτὴν
629 554 996 622 εἰσεκόμισεν,
1053 552 1130 606 ἵν’
1188 552 1463 624 Ἀντίοχος
1518 555 1650 625 εὕρῃ
1704 555 1840 623 πρὸς

107 660 127 691 5
154 638 418 709 δευτέραν
450 638 679 693 Ἀπίωνι
718 644 1091 710 μυθολογίαν;

262 728 444 797 <121>
483 730 879 793 καταψεύδεται
919 727 980 783 δὲ
1014 729 1103 783 καὶ
1136 730 1305 799 ὅρκον
1336 731 1491 799 ἡμῶν
1523 731 1596 794 ὡς
1635 731 1838 800 ὀμνύν-

150 836 260 869 των
310 818 407 869 τὸν
458 819 597 871 θεὸν
647 819 745 871 τὸν
794 820 1098 887 ποιήσαντα
1148 821 1247 872 τὸν
1297 819 1540 888 οὐρανὸν
1592 817 1683 872 καὶ
1738 821 1839 888 τὴν

150 913 254 974 γῆν
304 903 394 958 καὶ
444 907 544 975 τὴν
593 906 875 960 θάλατταν
929 905 1125 976 μηδενὶ
1178 908 1467 976 εὐνοήσειν
1523 907 1840 981 ἀλλοφύλῳ,

150 994 382 1063 μάλιστα
423 991 482 1048 δὲ
516 993 796 1064 ’Ἑλλησιύ
874 995 1055 1065 <122>
1094 997 1206 1049 ἔδει
1251 992 1311 1049 δὲ
1350 997 1839 1065 καταψευδόμενον

84 1103 123 1135 ιο
148 1082 287 1147 ἅπαξ
334 1085 510 1136 εἰπεῖν
557 1082 753 1152 μηδενὶ
801 1084 1089 1153 εὐνοήσειν
1130 1083 1452 1157 ἀλλοφύλῳ,
1503 1084 1736 1153 μάλιστα
1777 1082 1831 1137 δ’

148 1173 492 1239 Αἰγυπτίοις·
548 1172 691 1226 οὕτω
738 1174 842 1242 γὰρ
889 1172 959 1226 ἂν
1005 1182 1120 1237 τοῖς
1166 1172 1220 1237 ἐξ
1269 1173 1437 1242 ἀρχῆς
1484 1173 1658 1227 αὐτοῦ
1703 1173 1838 1226 πλά-

148 1275 350 1330 σμασιν
396 1261 630 1331 ἥρμοττε
680 1262 745 1314 τὰ
791 1260 916 1332 περὶ
963 1263 1060 1316 τὸν
1108 1262 1296 1332 ὅρκον,
1346 1266 1497 1329 εἴπερ
1544 1257 1686 1330 ἦσαν
1735 1259 1829 1314 ὑπ’

148 1351 470 1418 Αἰγυπτίων
516 1358 629 1403 τῶν
675 1359 960 1419 συγγενῶν
1008 1351 1067 1404 οἰ
1107 1349 1332 1421 πατέρες
1377 1351 1534 1420 ἡμῶν
1574 1348 1698 1420 οὐχὶ
1747 1351 1840 1403 διὰ

148 1442 421 1508 πονηρίαν
454 1436 573 1492 ἀλλ’
600 1436 686 1492 ἐπὶ
720 1449 1032 1510 συμφοραῖς
1063 1438 1462 1509 ἐξεληλαμένοι.
1516 1439 1697 1508 (123)
1728 1448 1839 1492 τῶν

80 1547 122 1578 15
139 1526 420 1597 Ἑλλήνων
467 1525 527 1581 δὲ
573 1526 743 1582 πλέον
789 1536 903 1591 τοῖς
948 1531 1136 1591 τόποις
1177 1527 1211 1596 ἢ
1250 1537 1364 1591 τοῖς
1411 1527 1839 1597 ἐπιτηδεύμασιν

147 1616 546 1687 ἀφεστήκαμεν,
596 1617 734 1670 ὥστε
780 1618 1053 1687 μηδεμίαν
1091 1617 1224 1686 ἡμῖν
1263 1612 1406 1670 εἶναι
1454 1618 1591 1685 πρὸς
1637 1616 1840 1679 αὐτοὺς

146 1707 356 1775 ἔχθραν
403 1703 542 1774 μηδὲ
595 1709 940 1775 ζηλοτυπίαν.
1026 1706 1355 1759 τούναντίον
1402 1704 1589 1774 μέντοι
1639 1703 1838 1758 πολλοὶ

146 1792 274 1862 παρ’
322 1793 506 1847 αὐτῶν
567 1796 644 1856 εἰς
706 1797 834 1857 τοὺς
894 1794 1192 1864 ἡμετέρους
1253 1797 1460 1863 νόμους
1522 1793 1839 1862 συνέβησαν

146 1884 446 1951 εἰσελθεῖν,
501 1886 598 1936 καί
645 1902 791 1946 τινες
844 1880 946 1952 μὲν
1003 1882 1314 1957 ἐνέμειναν,
1367 1881 1474 1936 εἰσὶ
1530 1880 1583 1934 δ’
1631 1885 1690 1936 οἳ
1738 1883 1841 1951 τὴν

80 1990 123 2023 20
147 1974 440 2040 καρτερίαν
479 1971 580 2041 οὐχ
618 1971 1013 2041 ὑπομείναντες
1051 1972 1219 2025 πάλιν
1259 1970 1587 2040 ἀπέστησαν.
1658 1971 1839 2039 <124>

147 2058 237 2113 καὶ
283 2067 481 2114 τοῦτον
533 2059 718 2123 οὐδεὶς
766 2062 983 2115 πώποτε
1033 2063 1131 2114 τὸν
1181 2060 1350 2131 ὅρκον
1401 2056 1556 2113 εἶπεν
1608 2058 1842 2113 ἀκοῦσαι

147 2146 272 2218 παρ’
309 2148 442 2218 ἡμῖν
489 2147 905 2218 ὀμωμοσμένον,
954 2149 1091 2202 ἀλλὰ
1134 2152 1303 2218 μόνος
1351 2143 1572 2217 Ἀπίων,
1619 2148 1693 2211 ὡς
1736 2149 1842 2202 ἔοι-

147 2256 261 2306 κεν,
300 2239 559 2306 ἤκουσεν·
604 2237 769 2300 αὐτὸς
808 2238 912 2306 γὰρ
952 2238 981 2292 ὁ
1023 2236 1255 2300 συνθεὶς
1292 2236 1462 2290 αὐτὸν
1502 2232 1587 2305 ἦν.

258 2326 454 2394 <125>
511 2327 729 2395 σφόδρα
779 2329 972 2379 τοίνυν
1026 2334 1121 2395 τῆς
1169 2330 1376 2394 πολλῆς
1423 2324 1696 2388 συνέσεως
1749 2323 1840 2377 καὶ

1873 745 1928 783 10

1876 2339 1928 2376 11

81 2434 123 2465 25
149 2413 236 2467 ἐπὶ
282 2423 357 2486 τῷ
412 2413 669 2484 μέλλοντι
717 2415 1068 2486 ῥηθήσεσθαι
1121 2415 1428 2484 θαυμάζειν
1483 2413 1639 2477 ἄξιόν
1691 2411 1840 2466 ἐστιν
1920 2464 1922 2466 ,

142 2498 393 2556 Ἀπίωνα.
470 2507 765 2574 τεκμήριον
814 2504 917 2573 γὰρ
965 2499 1112 2558 εἷναί
1153 2517 1291 2573 φησι
1329 2511 1429 2556 τοῦ
1478 2504 1612 2571 μήτε
1650 2504 1843 2570 νόμοις

147 2592 286 2660 ἡμᾶς
343 2598 585 2662 χρῆσθαι
640 2594 874 2655 δικαίοις
926 2593 1058 2661 μήτε
1112 2594 1210 2646 τὸν
1263 2594 1404 2645 θεὸν
1466 2591 1713 2659 εὐσεβεῖν
1768 2590 1843 2652 ὡς

145 2687 410 2749 προσῆκε,
456 2682 518 2734 τὸ
566 2681 638 2749 μὴ
687 2681 894 2751 ἄρχειν,
941 2681 1231 2734 δουλεύειν
1279 2677 1341 2733 δὲ
1388 2683 1600 2749 μᾶλλον
1649 2681 1842 2731 ἔθνεσι

139 2767 288 2839 [καὶ]
330 2770 524 2822 ἄλλοτε
564 2770 769 2836 ἄλλοις,
808 2767 899 2822 καὶ
938 2770 998 2822 τὸ
1037 2773 1341 2839 κεχρῆσθαι
1382 2777 1693 2838 συμφοραῖς
1730 2781 1842 2821 τισι

80 2877 123 2908 30
147 2856 270 2927 περὶ
309 2858 410 2926 τὴν
449 2859 631 2926 πόλιν,
671 2857 855 2910 αὐτῶν
895 2857 1154 2926 δηλονότι
1192 2859 1403 2919 πόλεως
1437 2856 1842 2925 ἡγεμονικωτά-

146 2966 241 3015 της
289 2945 347 2999 ἐκ
392 2955 504 3000 τῶν
550 2947 774 2999 ἄνωθεν
821 2947 1034 3015 ἄρχειν,
1083 2945 1222 2999 ἀλλὰ
1268 2947 1341 3015 μὴ
1381 2943 1666 3015 Ῥωμαίοις
1713 2945 1842 2998 δου-
