2032 3128
218 74 324 124 114
650 74 774 117 To‘r
805 74 1144 116 IOTAAIKOT
1175 74 1482 118 ΠΟΛΕΜΟΥ

206 217 393 260 κακῶν
424 205 774 275 αὐθαιρέτων
805 205 1242 275 ἀπολλυμένους,
1289 208 1465 274 <311>
1499 207 1638 260 ὅπου
1670 227 1730 276 γε
1766 206 1892 261 Ἰου-

211 297 358 348 δαῖοι
396 291 488 347 καὶ
527 295 587 347 τὸ
629 295 779 362 ἱερὸν
818 295 951 363 μετὰ
983 296 1083 363 τὴν
1113 298 1442 364 καθαίρεσιν
1473 303 1568 364 τῆς
1600 293 1895 358 Ἀντωνίας

207 383 555 451 τετράγωνον
594 380 881 451 ἐποίησαν,
922 381 1410 452 ἀναγεγραμμένον
1442 383 1502 436 ἐν
1534 394 1649 446 τοῖς
1688 386 1896 452 λογίοις

211 474 428 539 ἔχοντες
475 468 791 523 ἁλώσεσθαι
839 471 940 539 τὴν
985 473 1150 524 πόλιν
1197 469 1288 523 καὶ
1333 473 1433 524 τὸν
1483 474 1623 525 ναὸν
1673 470 1895 524 ἐπειδὰν

207 561 270 612 τὸ
319 558 471 625 ἱερὸν
518 556 742 626 γένηται
789 558 1150 628 τετράγωνον.
1226 559 1422 628 <312>
1475 562 1537 613 τὸ
1589 558 1639 613 δ’
1689 560 1897 628 ἐπᾶραν
1942 582 1962 615 5

209 645 413 708 αὐτοὺς
459 645 692 714 μάλιστα
740 647 877 715 πρὸς
921 648 1019 699 τὸν
1060 649 1304 715 πόλεμον
1342 643 1414 716 ἦν
1452 650 1694 717 χρησμὸς
1733 647 1896 717 ἀμφί-

209 738 375 803 βολος
415 736 617 803 ὁμοίως
657 733 716 786 ἐν
755 744 870 796 τοῖς
910 736 1078 804 ἱεροῖς
1115 734 1417 804 εὑρημένος
1451 737 1785 806 γράμμασιν,
1824 737 1898 799 ὡς

209 824 345 876 κατὰ
394 824 492 876 τὸν
543 825 738 892 καιρὸν
791 822 1004 876 ἐκεῖνον
1056 822 1161 876 ἀπὸ
1213 831 1306 891 τῆς
1355 825 1534 893 χώρας
1584 823 1766 877 αὐτῶν
1816 843 1899 887 τις

210 911 361 981 ἄρξει
399 919 494 979 τῆς
532 910 872 980 οἰκουμένης.
949 911 1131 980 <313>
1170 910 1327 965 τοῦθ’
1369 915 1427 966 οἳ
1453 909 1555 981 μὲν
1588 913 1662 975 ὡς
1693 914 1898 966 οἰκεῖον

211 998 499 1069 ἐξέλαβον,
549 997 639 1052 καὶ
691 998 887 1053 πολλοὶ
932 1009 1044 1052 τῶν
1093 1009 1284 1069 σοφῶν
1334 1000 1730 1070 ἐπλανήθησαν
1774 1000 1900 1070 περὶ
1924 1024 1968 1056 10

208 1089 310 1156 τὴν
349 1090 555 1157 κρίσιν·
598 1087 799 1156 ἐδήλου
833 1085 882 1139 δ’
923 1089 1027 1155 ἄρα
1059 1089 1160 1157 τὴν
1188 1087 1575 1142 ’ὃεσπασιανοῦ
1605 1091 1668 1143 τὸ
1708 1092 1899 1158 λόγιον

208 1177 539 1246 ἡγεμονίαν,
583 1175 1012 1246 ἀποδειχθέντος
1052 1175 1139 1229 ἐπὶ
1174 1175 1446 1239 Ἰουδαίας
1484 1176 1899 1248 αὐτοκράτορος.

208 1265 391 1334 <314>
433 1264 572 1318 ἀλλά
610 1265 715 1334 γὰρ
750 1265 817 1318 οὐ
850 1266 1091 1318 δυνατὸν
1123 1264 1444 1335 ἀνθρώποις
1481 1268 1543 1319 τὸ
1574 1266 1753 1335 χρεὼν
1785 1267 1902 1318 δια-

210 1364 411 1423 φυγεῖν
454 1350 588 1407 οὐδὲ
626 1352 1051 1423 προορωμένοις.
1128 1354 1311 1423 <315>
1351 1357 1408 1408 οἳ
1445 1351 1506 1407 δὲ
1541 1352 1632 1407 καὶ
1664 1364 1775 1408 τῶν
1808 1368 1902 1423 ση-

209 1445 380 1510 μείων
422 1441 455 1495 ἃ
503 1438 604 1511 μὲν
655 1444 877 1511 ἔκριναν
916 1443 1052 1511 πρὸς
1090 1442 1303 1511 ἡδονὴν
1343 1442 1376 1495 ἃ
1416 1441 1468 1495 δ’
1507 1441 1903 1512 ἐξουθένησαν,
1929 1465 1970 1498 15
2031 1470 2032 1505 ι

209 1530 367 1600 μέχρι
406 1538 472 1601 τῇ
511 1527 570 1583 θ’
611 1529 812 1584 ἁλώσει
850 1537 944 1599 τῆς
981 1531 1248 1600 πατρίδος
1286 1528 1377 1583 καὶ
1411 1537 1487 1602 τῷ
1523 1540 1680 1600 σφῶν
1721 1532 1902 1585 αὐτῶν

210 1619 427 1691 ὀλέθρῳ
468 1618 880 1688 διηλέγχθησαν
921 1619 1021 1686 τὴν
1065 1620 1276 1671 ἄνοιαν.

144 1711 176 1762 6
321 1707 505 1776 <316>
529 1705 788 1776 Ῥωμαῖοι
821 1704 883 1760 δὲ
914 1716 1027 1760 τῶν
1058 1705 1161 1776 μὲν
1194 1717 1535 1760 στασιαστῶν
1566 1726 1904 1777 καταπεφευ-

209 1799 390 1864 γότων
429 1798 509 1859 είς
546 1797 649 1865 τὴν
687 1798 877 1863 πόλιν,
917 1795 1218 1865 καιομένου
1251 1795 1300 1849 δ’
1341 1796 1514 1850 αὐτοῦ
1544 1816 1601 1849 τε
1632 1804 1732 1849 τοῦ
1764 1805 1905 1851 ναοῦ

208 1883 300 1937 καὶ
347 1893 460 1937 τῶν
506 1883 661 1953 πέριξ
710 1883 996 1954 ἁπάντων,
1042 1888 1369 1953 κομίσαντες
1414 1885 1510 1948 τὰς
1557 1888 1791 1954 σημαίας
1829 1887 1906 1947 εἰς
1931 1909 1974 1940 20

209 1975 270 2026 τὸ
314 1974 466 2039 ἱερὸν
513 1972 605 2026 καὶ
651 1972 883 2042 θέμενοι
931 1981 1026 2042 τῆς
1070 1973 1397 2041 ἀνατολικῆς
1434 1974 1610 2042 πύλης
1649 1973 1908 2043 ἀντικρὺς

209 2061 423 2114 ε”θυσάν
461 2058 509 2114 τ’
550 2061 739 2125 αὐταῖς
780 2062 981 2115 αὐτόθι
1013 2060 1104 2115 καὶ
1136 2064 1234 2116 τὸν
1274 2065 1438 2115 Τίτον
1470 2062 1603 2130 μετὰ
1635 2065 1908 2131 μεγίστων

210 2150 498 2219 εὐφημιῶν
539 2149 828 2220 ἀπέφηναν
869 2151 1263 2221 αὐτοκράτορα.
1334 2151 1519 2220 <317>
1558 2160 1676 2214 ταῖς
1715 2148 1766 2204 δ’
1813 2150 1908 2221 ἀρ-

208 2247 410 2306 παγαῖς
441 2238 616 2301 οὕτως
647 2238 1070 2308 ἐνεπλήσθησαν
1103 2241 1163 2292 οἱ
1183 2249 1509 2308 στρατιῶται
1538 2239 1737 2302 πάντες
1769 2240 1907 2292 ὥστε

209 2328 345 2379 κατὰ
400 2329 500 2396 τὴν
555 2331 775 2393 Συρίαν
828 2330 965 2398 πρὸς
1018 2329 1190 2396 ἥμισυ
1241 2335 1337 2396 τῆς
1382 2328 1552 2381 πάλαι
1603 2336 1760 2398 τιμῆς
1809 2330 1907 2382 τὸν
1934 2350 1975 2382 25

213 2417 466 2485 σταθμὸν
503 2423 604 2469 τοῦ
642 2424 854 2485 χρυσοῦ
893 2417 1320 2487 πιπράσκεσθαι.

319 2503 502 2572 <318>
549 2512 661 2556 τῶν
717 2502 762 2556 δ’
816 2503 922 2557 ἀνά
976 2506 1075 2558 τὸν
1130 2515 1320 2575 τοῖχον
1372 2514 1472 2559 τοῦ
1522 2512 1664 2559 ναοῦ
1717 2503 1910 2574 ἱερέων

210 2594 727 2663 διακαρτερούντων
773 2602 900 2656 παῖς
948 2595 1189 2662 διψήσας
1236 2591 1440 2647 ἱκέτευε
1487 2596 1618 2656 τοὺς
1662 2594 1912 2662 φύλακας

211 2692 323 2735 τῶν
355 2680 638 2751 Ῥωμαίων
671 2683 870 2735 δοῦναι
903 2682 1090 2745 δεξιὰν
1131 2682 1307 2754 αὐτῷ,
1345 2680 1437 2735 καὶ
1477 2683 1538 2735 τὸ
1581 2683 1743 2745 δίψος
1782 2680 1909 2745 ἐξω-

209 2775 513 2840 μολογεῖτο.
570 2769 754 2839 <319>
786 2780 898 2823 τῶν
933 2767 992 2823 δὲ
1024 2778 1119 2839 τῆς
1150 2770 1365 2838 ἡλικίας
1402 2768 1494 2823 καὶ
1531 2778 1628 2840 τῆς
1666 2769 1910 2837 ἀνάγκης
1933 2791 1977 2822 30

209 2855 397 2913 οἶκτον
435 2863 721 2928 λαβόντων
763 2857 853 2912 καὶ
894 2859 1110 2912 δόντων
1151 2858 1339 2923 δεξιὰν
1370 2860 1611 2929 καταβὰς
1650 2857 1814 2921 αὐτός
1851 2877 1909 2910 τε
