2032 3128
703 111 913 153 ΛΟΓΟΣ
945 112 1244 154 ΠΕΜΠΤΟΣ
1781 109 1810 160 7

246 246 389 314 <47>
427 247 679 314 προιόντι
721 242 768 297 δ’
816 246 895 306 εἰς
934 244 1035 312 τὴν
1073 247 1340 312 πολεμίαν
1386 247 1525 317 Τίτῳ
1565 252 1812 313 προῆγον
1843 246 1878 298 2

135 331 235 403 μὲν
276 334 333 386 οἱ
368 331 641 402 βασιλικοὶ
679 331 769 386 καὶ
808 339 918 385 πᾶν
949 333 1010 385 τὸ
1044 335 1403 402 συμμαχικόν,
1444 331 1528 401 ἐφ’
1575 326 1657 396 οἷς
1689 334 1814 387 ὁδο-

134 420 283 475 ποιοὶ
329 419 420 474 καὶ
458 419 715 491 μετρηταὶ
761 418 1168 491 στρατοπέδων,
1217 423 1398 474 ἔπειτα
1435 422 1501 474 τὰ
1539 431 1652 475 τῶν
1690 422 1814 490 ἡγε-

135 512 321 578 μόνων
361 511 692 578 σκευοφόρα,
730 508 822 562 καὶ
860 509 994 577 μετὰ
1032 510 1164 572 τοὺς
1205 510 1415 563 τούτων
1456 510 1680 572 ὁπλίτας
1718 509 1814 563 αὐ-

89 620 110 653 5
133 600 225 660 τὸς
262 599 391 660 τούς
435 595 481 650 τ’
529 599 730 659 ἄλλους
777 596 1090 659 ἐπιλέκτους
1135 595 1224 650 καὶ
1270 600 1399 660 τοὺς
1438 600 1816 667 λογχοφόρους

135 688 293 756 ἔχων,
331 688 561 739 κατόπιν
594 684 642 738 δ’
681 685 828 758 αὐτῷ
861 693 960 739 τοῦ
991 686 1261 755 τάγματος
1291 687 1352 738 τὸ
1386 686 1630 738 ἱππικόν·
1670 686 1815 755 <48>

134 770 289 827 οὗτοι
337 770 398 826 δὲ
442 776 548 844 πρὸ
597 783 707 827 τῶν
753 774 1188 845 μηχανημάτων,
1238 772 1363 827 κάπ’
1418 773 1649 837 ἐκείνοις
1695 772 1808 843 μετ’

134 860 429 916 ἐπιλέκτων
453 865 725 933 χιλίαρχοι
756 862 846 916 καὶ
880 872 1120 932 σπειρῶν
1152 865 1399 932 ἔπαρχοι·
1439 863 1572 931 μετὰ
1606 860 1666 915 δὲ
1697 864 1815 916 τού-

133 970 262 1013 τους
310 949 434 1019 περὶ
480 953 577 1005 τὸν
626 951 786 1005 ἀετὸν
835 952 897 1004 αἱ
943 960 1197 1020 σημαῖαι,
1249 949 1342 1004 καὶ
1395 952 1711 1021 ἔμπροσθεν
1763 952 1821 1005 οἱ

66 1062 110 1094 ιο
135 1038 458 1107 σαλπιγκταὶ
509 1049 619 1092 τῶν
672 1048 941 1109 σημαιῶν·
998 1038 1084 1092 ἐπὶ
1133 1036 1194 1092 δὲ
1243 1041 1458 1103 τούτοις
1503 1040 1536 1108 ἡ
1584 1040 1817 1109 φάλαγξ,

132 1130 193 1181 τὸ
245 1138 437 1197 στῖφος
488 1131 567 1191 εἰς
617 1127 671 1192 ἓξ
726 1129 1072 1182 πλατύνασα·
1134 1128 1279 1198 <49>
1332 1130 1392 1182 τὸ
1448 1126 1498 1181 δ’
1546 1130 1817 1183 οἰκετικὸν

133 1214 363 1270 ἑκάστου
410 1217 680 1286 τάγματος
727 1218 928 1286 ὀπίσω,
974 1216 1066 1270 καὶ
1111 1219 1217 1287 πρὸ
1264 1218 1477 1270 τούτων
1523 1218 1588 1270 τὰ
1629 1232 1818 1272 σκευο-

130 1308 299 1375 φόρα·
352 1310 656 1360 τελευταῖοι
703 1303 764 1359 δὲ
809 1306 1033 1360 πάντων
1081 1307 1139 1359 οἱ
1180 1308 1422 1375 μίσθιοι,
1468 1304 1560 1359 καὶ
1605 1307 1818 1359 τούτων

132 1395 374 1462 φύλακες
421 1395 478 1448 οἰ
521 1394 767 1465 οὐραγοί.
844 1395 988 1464 <5Ο>
1036 1394 1297 1465 προάγων
1337 1392 1398 1447 δὲ
1436 1396 1538 1463 τὴν
1579 1395 1819 1464 δύναμιν

67 1503 108 1536 15
133 1481 194 1535 ἐν
241 1485 427 1556 κόσμῳ
478 1483 664 1549 Τίτος,
718 1483 867 1535 καθὰ
904 1480 1188 1551 Ῥωμαίοις
1237 1483 1506 1551 σύνηθες,
1561 1481 1819 1552 ἐμβάλλει

134 1572 225 1624 διὰ
274 1578 371 1640 τῆς
416 1572 820 1639 Σαμαρείτιδος
870 1573 949 1633 εἰς
1000 1571 1221 1640 Γοφνά,
1274 1570 1710 1640 κατειλημμένην
1760 1591 1818 1625 τε

131 1662 402 1729 πρότερον
455 1659 563 1713 ὑπὸ
618 1667 718 1713 τοῦ
779 1661 985 1730 πατρὸς
1037 1657 1128 1713 καὶ
1188 1662 1309 1713 τότε
1372 1659 1816 1730 φρουρουμένην.

132 1747 277 1817 <51>
309 1751 450 1802 ἔνθα
483 1751 614 1817 μίαν
647 1746 883 1816 ἑσπέραν
915 1747 1281 1817 αὐλισάμενος
1310 1748 1419 1802 ὑπὸ
1450 1750 1552 1817 τὴν
1584 1749 1653 1803 ἕω
1686 1753 1820 1821 πρό-

131 1852 263 1906 εισι,
313 1836 404 1891 καὶ
457 1838 723 1900 διανύσας
772 1835 978 1906 ἡμέρας
1025 1839 1276 1906 σταθμὸν
1329 1839 1819 1907 στρατοπεδεύεται

5 1947 13 1950 ”
62 1947 108 1980 20
130 1927 266 1979 κατὰ
316 1927 415 1979 τὸν
468 1925 576 1979 ὑπὸ
622 1923 912 1979 Ἰουδαίων
967 1928 1210 1995 πατρίως
1253 1923 1544 1979 Ἀκανθῶν
1596 1927 1820 1980 αὐλῶνα

128 2017 501 2084 καλούμενον,
550 2016 689 2085 πρός
733 2034 843 2068 τινι
891 2015 1046 2085 κώμῃ
1094 2015 1505 2086 Γαβαθσαούλῃ
1551 2013 1820 2085 λεγομένῃ

131 2101 409 2175 (σημαίνει
450 2100 511 2156 δὲ
549 2111 713 2158 τοῦτο
754 2106 932 2172 λόφον
971 2101 1285 2174 Σαούλου),
1324 2101 1525 2174 διέχων
1565 2103 1669 2158 ἀπὸ
1709 2114 1821 2158 τῶν

123 2191 524 2263 Ἱεροσολύμων
565 2193 699 2246 ὅσον
739 2192 844 2245 ἀπὸ
884 2192 1179 2262 τριάκοντα
1218 2193 1473 2245 σταδίων.
1512 2192 1656 2261 <52>
1690 2193 1821 2246 ἀνα-

131 2282 318 2349 λαβών
356 2278 404 2334 τ’
453 2281 718 2334 ἐντεῦθεν
758 2282 893 2334 ὅσον
926 2283 1002 2344 εἰς
1035 2279 1352 2344 ἑξακοσίους
1381 2290 1494 2334 τῶν
1525 2281 1821 2335 ἐπιλέκτων

63 2386 107 2424 25
133 2368 342 2423 ἱππέων
382 2369 467 2440 ᾔει
506 2371 607 2438 τήν
639 2389 697 2422 τε
727 2372 891 2423 πόλιν
922 2372 1408 2439 περισκεψόμενος,
1448 2369 1594 2433 ὅπως
1626 2370 1822 2440 ὀχυρό-

127 2477 289 2527 τητος
330 2460 461 2528 ἔχοι,
502 2457 594 2512 καὶ
632 2460 697 2511 τὰ
737 2459 1065 2528 φρονήματα
1103 2467 1214 2512 τῶν
1247 2453 1556 2527 Ἰουδαίων,
1584 2460 1649 2514 ,εἰ
1684 2461 1822 2527 πρὸς

128 2547 230 2615 τὴν
271 2547 403 2611 ὄψιν
444 2547 637 2616 αὐτοῦ,
675 2545 810 2615 πρὶν
849 2549 927 2610 εἰς
964 2556 1149 2617 χεῖρας
1183 2546 1389 2615 ἐλθεῖν,
1428 2547 1822 2611 ὑποδείσαντες

129 2634 369 2689 ἐνδοῖεν·
441 2635 583 2705 (53)
632 2635 878 2689 πέπυστο
928 2636 1060 2706 γάρ,
1115 2635 1248 2704 ὅπερ
1300 2632 1371 2704 ἦν
1420 2634 1653 2705 ἀληθές,
1707 2645 1822 2699 τοῖς

129 2725 456 2781 στασιώδεσι
495 2723 587 2778 καὶ
634 2729 947 2795 λῃστρικοῖς
984 2727 1082 2778 τὸν
1123 2726 1300 2794 δῆμον
1339 2724 1685 2794 ὑπεπτηχότα
1724 2743 1822 2778 πο-

60 2833 106 2866 εο
129 2818 257 2865 θεῖν
305 2810 407 2882 μὲν
454 2816 706 2885 εἰρήνην,
746 2799 1162 2883 ’ἀσθενέστερον
1211 2811 1260 2866 δ’
1309 2815 1443 2867 ὄντα
1489 2821 1584 2882 τῆς
1623 2809 1822 2866 ἐπανα-

130 2902 370 2966 στάσεως
407 2903 647 2973 ἠρεμεῖν.
