2032 3128
189 85 256 136 76
607 85 732 126 To‘r
763 83 1104 126 ΙΟΤΔΑΙΚΟΤ
1134 83 1443 125 ΠΟΛΕΜΟΥ

188 217 492 286 ἐλυμήνατο
533 218 598 269 τὰ
639 225 833 286 σημεῖα
872 224 971 269 τοῦ
1003 216 1238 278 κάλλους
1277 216 1305 269 ὁ
1344 219 1599 285 πόλεμος,
1637 214 1728 269 καὶ
1767 216 1868 270 οὐκ

186 307 255 359 ἄν
295 325 377 368 τις
425 304 680 373 ἐξαπίνης
727 304 947 367 ἐπιστὰς
984 313 1095 356 τῶν
1134 306 1566 374 προεγνωκότων
1606 303 1869 375 ἐγνώρισε

186 396 284 447 τὸν
322 396 514 462 τόπον,
553 391 691 445 ἀλλά
730 394 924 462 παρὼν
967 391 1137 459 ἐζήτει
1175 392 1278 460 τὴν
1315 395 1493 446 πόλιν.

299 482 404 549 <9>
437 479 717 549 Ῥωμαίοις
764 477 826 533 δὲ
872 478 964 533 καὶ
1000 478 1287 542 Ἰουδαίοις
1327 482 1388 533 τὸ
1428 479 1581 542 τέλος
1618 489 1728 532 τῶν
1767 500 1891 550 χω-.

132 609 155 622 fl
190 569 376 638 μάτων
417 574 542 638 ἴσην
591 568 827 621 ἐνεποίει
868 567 1029 630 δέους
1072 567 1259 637 ἀρχήν.
1335 568 1477 637 <10>
1517 569 1574 621 oc
1609 565 1709 637 μὲν
1748 568 1872 638 γάρ,
1916 591 1938 625 5

188 659 239 710 εἰ
269 658 341 726 μὴ
374 656 464 710 καὶ
496 666 665 710 ταῦτα
696 658 977 724 καύσειαν,
1017 655 1333 709 ἁλώσεσθαι
1370 658 1473 725 τὴν
1502 658 1666 709 πόλιν
1704 669 1872 725 προσ-

188 746 423 813 εδόκων,
467 744 723 814 Ῥωμαῖοι
784 743 835 797 δ’
890 741 1079 797 οὐκέθ’
1136 745 1384 814 αἱρήσειν
1438 743 1708 797 κάκείνων
1757 745 1873 797 δια-

189 832 543 902 φθαρέντων·
620 834 765 903 <1·1>
804 833 941 902 ὕλης
987 852 1043 885 τε
1090 834 1194 901 γὰρ
1234 829 1304 902 ἦν
1344 832 1572 901 ἀποριά,
1626 830 1718 885 καὶ
1761 841 1873 885 τῶν

189 918 291 990 μὲν
328 925 517 975 πόνων
556 923 662 990 ἤδη
701 923 767 974 τὰ
809 923 1057 991 σώματα,
1096 930 1207 974 τῶν
1240 919 1291 973 δ’
1329 921 1648 990 ἐπαλλήλων
1685 934 1875 974 πταισ-

188 1010 374 1078 μάτων
414 1011 476 1062 αί
509 1007 682 1079 ψυχαὶ
722 1019 836 1072 τοῖς
868 1009 1224 1079 στρατιώταις
1255 1009 1552 1062 ἐλείποντο.
1606 1009 1750 1076 <12>
1782 1009 1876 1071 τάς
1900 1034 1945 1066 10

188 1117 249 1165 γε
289 1099 399 1167 μὴν
437 1099 573 1151 κατὰ
612 1098 714 1166 τὴν
752 1100 916 1150 πόλιν
957 1098 1246 1167 συμφορὰς
1277 1096 1556 1166 Ῥωμαιόις
1593 1095 1763 1150 πλέον
1801 1094 1876 1150 εἶ-

188 1206 282 1238 ναι
329 1185 621 1256 συνέβαινε
672 1187 809 1255 πρὸς
858 1185 1104 1255 ἀθυμίας
1151 1186 1184 1255 ἢ
1231 1196 1346 1249 τοῖς
1393 1186 1452 1239 ἐν
1503 1186 1655 1255 αὐτῇ.
1731 1187 1878 1256 παρὰ

188 1276 292 1345 γὰρ
316 1276 381 1327 τὰ
405 1279 704 1342 τηλικαῦτα
735 1275 888 1342 πάθη
922 1284 1036 1337 τοῖς
1066 1273 1397 1344 μαχομένοις
1436 1271 1603 1327 οὐδὲν
1637 1274 1876 1345 ἐχρῶντο

188 1363 619 1434 μαλακωτέροις,
674 1364 820 1432 <13>
860 1362 978 1417 ἀλλ’
1026 1363 1338 1431 ἐθραύοντο
1385 1363 1619 1417 πάντοτε
1657 1365 1753 1427 τὰς
1793 1364 1878 1417 ἐλ-

187 1454 376 1522 πίδας,
415 1463 527 1506 τῶν
566 1450 668 1522 μὲν
707 1453 974 1523 χωμάτων
1014 1462 1131 1516 ταῖς
1170 1452 1504 1522 ἐπιβουλαῖς,
1545 1461 1656 1505 τῶν
1697 1452 1743 1505 δ’
1786 1453 1876 1522 ὀρ-
1901 1473 1946 1507 15

190 1541 376 1608 γάνων
431 1545 748 1612 στερρότητι
806 1549 906 1595 τοῦ
966 1545 1208 1612 τείχους,
1270 1549 1366 1610 τῆς
1422 1538 1483 1594 δὲ
1535 1541 1672 1594 κατὰ
1726 1551 1879 1612 χεῖρα

188 1630 361 1699 μάχης
410 1640 527 1694 ταῖς
573 1640 685 1684 τῶν
733 1629 1201 1699 συμπλεκομένων
1248 1633 1475 1699 τόλμαις
1523 1631 1880 1683 πλεονεκτού-

187 1736 360 1786 μενοι.
430 1721 491 1771 τὸ
534 1717 595 1772 δὲ
628 1717 904 1788 μέγιστον,
946 1719 1185 1782 στάσεώς
1222 1738 1280 1771 τε
1319 1717 1411 1772 καὶ
1450 1722 1615 1787 λιμοῦ
1653 1715 1745 1770 καὶ
1783 1735 1881 1771 πο-

188 1804 358 1875 λέμου
398 1806 489 1860 καὶ
520 1808 804 1861 τοσούτων
844 1816 1028 1860 κακῶν
1069 1807 1419 1876 εὑρίσκοντες
1458 1805 1640 1859 ἐπάνω
1679 1808 1741 1860 τὸ
1781 1823 1880 1859 πα-

189 1895 437 1964 ράστημα
490 1903 587 1964 τῆς
647 1902 829 1965 ψυχῆς
883 1893 1191 1957 Ἰουδαίους
1247 1897 1502 1965 ἔχοντας,
1557 1895 1702 1964 <14>
1751 1895 1881 1948 ὑπε-
1905 1917 1950 1950 20

187 1984 474 2052 λάμβανον
521 1993 632 2037 τῶν
681 1983 904 2054 ἀνδρῶν
953 1983 1198 2053 ἀμάχους
1244 1980 1347 2052 μὲν
1397 1984 1492 2046 τὰς
1539 1983 1713 2052 ὁρμὰς
1752 1982 1882 2036 ἀνά-

186 2075 365 2125 λωτον
407 2069 468 2125 δὲ
507 2074 608 2140 τὴν
655 2071 742 2125 ἐπὶ
792 2081 1107 2142 συμφοραῖς
1146 2071 1426 2142 εὐθυμίαν
1467 2067 1631 2124 εἶναι·
1685 2075 1744 2124 τί
1777 2073 1880 2140 γὰρ

186 2159 256 2213 ἄν
300 2162 373 2229 μὴ
416 2160 723 2229 ὑποστῆναι
765 2161 918 2233 δεξιᾷ
949 2161 1086 2231 τύχῃ
1124 2159 1441 2231 χρωμένους
1475 2162 1604 2223 τοὺς
1641 2160 1749 2213 ὑπὸ
1788 2179 1882 2213 κα-

186 2257 300 2301 κῶν
338 2250 475 2318 πρὸς
513 2248 687 2318 ἀλκὴν
726 2247 1124 2318 τρεπομένους;

301 2337 445 2406 <15>
492 2340 551 2391 οἳ
592 2335 695 2407 μὲν
743 2334 847 2391 οὗν
896 2337 1370 2408 ἐρρωμενεστέρας
1417 2338 1510 2390 διὰ
1556 2345 1728 2391 ταῦτα
1771 2347 1883 2391 τῶν
1907 2358 1951 2391 25

186 2425 456 2494 χωμάτων
482 2425 774 2479 ἐποιοῦντο
807 2427 903 2489 τὰς
926 2427 1195 2496 φυλακάς·
1237 2427 1296 2480 οἱ
1323 2423 1385 2479 δὲ
1415 2424 1542 2497 περὶ
1572 2428 1673 2480 τὸν
1697 2424 1884 2479 Ἰωάν-

187 2533 293 2582 νην
332 2514 469 2567 κατά
507 2515 609 2583 τὴν
645 2512 946 2567 Ἀντωνίαν
995 2515 1108 2584 ἅμα
1146 2513 1238 2568 καὶ
1276 2516 1416 2582 πρὸς
1453 2515 1515 2567 τὸ
1555 2513 1789 2583 μέλλον,
1835 2516 1887 2567 εί

186 2606 590 2672 καταρριφθείη
623 2604 686 2656 τὸ
718 2612 912 2672 τεῖχος,
953 2604 1342 2673 ἠσφαλίζοντο,
1380 2600 1472 2655 καὶ
1504 2601 1637 2672 πρὶν
1670 2601 1885 2671 ἐπιστῆ-

185 2709 279 2742 ναι
325 2692 455 2753 τοὺς
499 2693 692 2760 κριοὺς
731 2689 998 2744 ἐπέθεντο
1047 2700 1162 2754 τοῖς
1209 2693 1406 2760 ἔργοις.
1482 2691 1627 2758 <16>
1667 2690 1735 2744 οὐ
1775 2692 1885 2760 μὴν

186 2776 493 2847 ἐκράτησάν
523 2799 584 2847 γε
617 2786 711 2848 τῆς
742 2779 1146 2849 ἐπιχειρήσεως,
1178 2779 1318 2832 ἀλλά
1347 2781 1720 2850 προελθόντες
1751 2781 1885 2849 μετὰ
1907 2801 1952 2834 30

187 2867 519 2936 λαμπάδων,
557 2866 692 2938 πρὶν
733 2867 946 2936 ἐγγίσαι
986 2877 1101 2931 τοῖς
1140 2868 1383 2938 χώμασι,
1421 2870 1755 2938 ψυχρότεροι
1793 2875 1887 2935 τῆς

1971 75 1987 139 νῦν
