2032 3128
707 121 915 162 ΛΟΓΟΣ
947 120 1266 162 ΠΡΟΤΕΡΟΣ
1724 118 1829 171 231

158 253 362 323 ἱερέων,
414 252 503 306 καὶ
558 260 755 306 τοῦτον
802 253 987 315 αὐτοῖς
1032 254 1431 321 εἰσηγήσασθαι
1485 254 1618 320 μήτε
1664 255 1834 316 θεοὺς

155 350 484 409 προσκυνεῖν
542 343 675 409 μήτε
736 351 847 394 τῶν
911 338 995 394 ἐπ’
1043 341 1307 413 Αἰγύπτῳ
1367 340 1832 411 θρησκευομένων

157 428 305 501 ζςόων
337 428 654 498 ἀπέχεσθαι,
694 430 871 482 πάντα
905 426 966 482 δὲ
996 429 1161 482 θύειν
1200 427 1291 482 καὶ
1330 433 1664 498 κατεσθίειν,
1704 444 1834 484 συν-

154 518 420 571 άπτεσθαι
489 515 549 570 δὲ
626 516 822 586 μηδενὶ
897 518 1042 585 πλὴν
1113 526 1222 570 τῶν
1292 516 1833 587 συνομωμοσμένων·

110 626 131 658 5
156 607 338 675 ὅρκοις
368 626 423 658 τε
455 608 516 659 τὸ
547 611 762 674 πλῆθος
795 606 1190 674 ἐνδησάμενον,
1228 601 1261 673 ἦ
1295 606 1404 673 μὴν
1431 606 1646 668 τούτοις
1676 605 1835 674 ἐμμε-

152 704 272 747 νεῖν
319 704 431 757 τοῖς
483 697 702 763 νόμοις,
754 692 846 747 καὶ
899 697 1209 763 τειχίσαντα
1254 695 1356 762 τὴν
1404 695 1647 763 Αὔαριν,
1699 697 1836 764 πρὸς

152 785 249 836 τὸν
295 782 521 851 βασιλέα
566 785 808 851 πόλεμον
857 782 1174 858 ἐξενεγκεῖν.
1251 782 1432 850 <262>
1479 780 1570 835 καὶ
1615 784 1836 851 προστί-

151 877 322 940 θησιν
370 871 452 924 ὅτι
500 873 738 939 ἔπεμψεν
785 872 864 933 εἰς
901 869 1287 939 Ἱεροσόλυμα,
1333 875 1665 940 παρακαλῶν
1704 869 1836 923 ε’κεί-

151 979 285 1022 νους
324 959 508 1022 αὐτοῖς
547 969 870 1029 συμμαχεῖν,
908 956 999 1012 καὶ
1039 960 1240 1012 δώσειν
1272 959 1459 1022 αὐτοῖς
1489 960 1590 1026 τὴν
1618 959 1836 1026 Αὔαριν

86 1065 127 1100 ιο
150 1047 612 1117 ὑπισχνούμενος·
652 1044 796 1100 εἶναι
828 1048 931 1117 γὰρ
964 1048 1138 1116 αὐτὴν
1162 1057 1277 1110 τοῖς
1308 1047 1366 1101 ἐκ
1397 1057 1509 1101 τῶν
1534 1045 1836 1116 Ἱεροσολύ-

151 1156 271 1204 μων
311 1135 665 1205 ἀφιξομένοις
702 1139 1068 1205 προγονικήν·
1111 1133 1207 1206 ἀφ’
1243 1132 1308 1205 ἧς
1347 1134 1703 1206 ὁρμωμένους
1741 1135 1837 1188 αὐ-

151 1226 280 1286 τοὺς
317 1231 499 1278 πᾶσαν
534 1226 637 1293 τὴν
669 1229 955 1292 Αἴγυπτον
993 1224 1264 1289 καθέξειν.
1335 1225 1516 1293 (263)
1555 1220 1671 1277 εἶτα
1709 1227 1839 1287 τοὺς

151 1309 251 1380 μὲν
299 1311 557 1366 ἐπελθεῖν
603 1319 778 1367 εἴκοσι
833 1322 1071 1382 στρατοῦ
1125 1314 1352 1383 μυριάσι
1406 1313 1578 1382 λέγει,
1632 1316 1730 1367 τὸν
1778 1310 1839 1367 δὲ

93 1459 98 1462 ,
150 1398 380 1468 βασιλέα
419 1411 528 1454 τῶν
560 1404 884 1470 Αἰγυπτίων
917 1400 1242 1472 Ἁμένωφιν,
1284 1403 1385 1456 οὐκ
1424 1404 1682 1471 οἰόμενον
1719 1404 1838 1455 δεῖν

84 1511 125 1542 15
149 1494 470 1559 θεομαχεῖν,
521 1493 597 1553 εἰς
641 1492 742 1560 τὴν
783 1493 1088 1545 Αἰθιοπίαν
1137 1492 1311 1554 εὐθὺς
1357 1491 1694 1558 ἀποδρᾶναι,
1740 1492 1838 1544 τὸν
1897 1539 1899 1541 .

150 1574 202 1630 δ’
237 1573 398 1632 Ἆπιν
443 1583 540 1632 καί
579 1599 703 1632 τινα
741 1589 853 1632 τῶν
892 1581 1076 1632 ἄλλων
1118 1580 1282 1647 ἱερῶν
1324 1578 1475 1650 ζῴων
1513 1583 1839 1649 παρατεθει-

148 1665 304 1720 κέναι
335 1676 450 1729 τοῖς
484 1668 708 1735 ἱερεῦσι,
741 1668 1211 1737 διαφυλάττεσθαι
1243 1670 1592 1722 κελεύσαντα.
1655 1667 1837 1735 <264>

147 1751 263 1808 εἶτα
318 1758 446 1819 τοὺς
500 1754 936 1825 Ἱεροσολυμίτας
991 1756 1328 1819 ἐπελθόντας
1386 1757 1481 1819 τάς
1534 1775 1592 1809 τε
1652 1758 1839 1819 πόλεις

149 1843 438 1898 ἀνιστάναι
476 1843 567 1897 καὶ
605 1846 671 1898 τὰ
713 1846 830 1914 ἱερὰ
869 1848 1184 1898 κατακαίειν
1214 1844 1306 1898 καὶ
1337 1847 1466 1907 τοὺς
1500 1843 1676 1914 ἱερέας
1707 1843 1838 1898 ἀπο-

7 1938 11 1940 ’
82 1956 125 1987 20
150 1933 439 2002 σφάττειν,
501 1934 642 1997 ὅλως
694 1953 752 1987 τε
808 1934 1078 2003 μηδεμιᾶς
1132 1933 1434 2004 ἀπέχεσθαι
1494 1936 1840 2002 παρανομίας

148 2019 276 2091 μηδ’
316 2021 607 2091 ὠμότητος.
683 2022 865 2091 <265>
914 2023 943 2077 ὁ
992 2020 1054 2076 δὲ
1099 2024 1200 2091 τὴν
1245 2025 1529 2076 πολιτείαν
1574 2020 1663 2075 καὶ
1711 2024 1840 2084 τοὺς

147 2113 354 2179 νόμους
408 2111 593 2174 αὐτοῖς
646 2114 1089 2180 καταβαλόμενος
1146 2113 1346 2181 ἱερεύς,
1399 2114 1596 2181 φησίν,
1651 2107 1723 2179 ’ἦν
1777 2112 1838 2164 τὸ

148 2198 309 2266 γένος
356 2197 765 2268 εΗλιοπολίτης,
821 2201 996 2269 ὄνομα
1053 2197 1102 2253 δ’
1143 2197 1409 2269 Ὀσαρσὶφ
1463 2199 1569 2253 ἀπὸ
1623 2206 1724 2253 τοῦ
1779 2199 1839 2252 ἐν

140 2286 498 2341 “Ηλιουπόλει
543 2294 686 2343 θεοῦ
727 2287 1003 2358 Ὀσίρεως·
1059 2288 1430 2359 μεταθέμενος
1477 2286 1538 2341 δὲ
1583 2292 1839 2358 Μωυσῆν

83 2398 126 2431 25
150 2377 320 2431 αὑτὸν
351 2378 816 2445 προσηγόρευσεν.
891 2377 1073 2446 <266>
1111 2377 1541 2450 τρισκαιδεκάτῳ
1576 2376 1641 2430 δέ
1668 2390 1839 2446 φησιν
1926 2389 1930 2392 ⁴

151 2468 256 2519 ἔτει
295 2468 393 2520 τὸν
425 2461 736 2535 Ἀμένωφιν
776 2464 1068 2537 (τοσοῦτον
1109 2467 1214 2536 γὰρ
1254 2451 1402 2538 αὐτῷ
1453 2468 1657 2536 χρόνον
1696 2461 1840 2518 εἶναι

149 2563 244 2623 τῆς
291 2554 607 2617 ἐκπτώσεως
651 2553 1040 2627 πεπρωμένον)
1088 2555 1143 2619 έξ
1182 2557 1485 2618 Αἰθιοπίας
1531 2554 1840 2608 ἐπελθόντα

150 2644 283 2711 μετὰ
337 2648 542 2709 πολλῆς
589 2651 866 2711 στρατιᾶς,
922 2642 1014 2697 καὶ
1061 2647 1414 2714 συμβαλόντα
1459 2653 1575 2707 τοῖς
1619 2642 1841 2711 ποιμέσι

131 2730 240 2784 «καὶ
279 2742 395 2795 τοῖς
431 2741 670 2801 μιαροῖς,
708 2736 941 2801 νικῆσαί,
969 2752 1025 2786 τε
1057 2740 1121 2802 τῇ
1158 2734 1301 2803 μάχῃ
1341 2731 1430 2786 καὶ
1469 2742 1678 2786 κτεῖναι
1709 2737 1841 2786 πολ-

82 2839 127 2872 30
151 2823 285 2882 λοὺς
324 2819 687 2885 ἐπιδιώξαντα
727 2821 885 2891 μέχρι
924 2830 1035 2875 τῶν
1073 2830 1168 2891 τῆς
1206 2824 1415 2892 Συρίας
1454 2821 1616 2890 ὅρων.

261 2910 444 2978 <267>
500 2909 560 2963 ἐν
614 2911 832 2973 τούτοις
891 2910 1057 2963 πάλιν
1112 2910 1180 2963 οὐ
1244 2913 1499 2979 συνίησιν
1554 2910 1842 2974 ἀπιθάνως
1872 2925 1927 2962 29
