<?xml version="1.0" encoding="UTF-8"?>
<!DOCTYPE html PUBLIC "-//W3C//DTD XHTML 1.0 Transitional//EN"
    "http://www.w3.org/TR/xhtml1/DTD/xhtml1-transitional.dtd">
<html xmlns="http://www.w3.org/1999/xhtml" xml:lang="en" lang="en">
 <head>
  <title>
</title>
<meta http-equiv="Content-Type" content="text/html;charset=utf-8" />
  <meta name='ocr-system' content='tesseract 3.04.00' />
  <meta name='ocr-capabilities' content='ocr_page ocr_carea ocr_par ocr_line ocrx_word'/>
</head>
<body>
  <div class='ocr_page' id='page_1' title='image "./flaviiiosephiope06joseuoft_0318.png"; bbox 0 0 2032 3128; ppageno 0'>
   <div class='ocr_carea' id='block_1_1' title="bbox 191 145 1268 197">
    <p class='ocr_par' dir='ltr' id='par_1_1' title="bbox 191 145 1268 197">
     <span class='ocr_line' id='line_1_1' title="bbox 191 145 1268 197; baseline 0 -11"><span class='ocrx_word' id='word_1_1' title='bbox 191 145 299 197; x_wconf 78' lang='lat'><strong><em>262</em></strong></span> <span class='ocrx_word' id='word_1_2' title='bbox 797 146 959 187; x_wconf 80' lang='grc' dir='ltr'><strong>ΚΑΤΑ</strong></span> <span class='ocrx_word' id='word_1_3' title='bbox 990 145 1268 188; x_wconf 72' lang='grc' dir='ltr'><strong>ΑΠῙΩΝΟΣ</strong></span> 
     </span>
    </p>
   </div>
   <div class='ocr_carea' id='block_1_2' title="bbox 176 278 1940 1500">
    <p class='ocr_par' dir='ltr' id='par_1_2' title="bbox 176 278 1940 1500">
     <span class='ocr_line' id='line_1_2' title="bbox 186 278 1875 348; baseline 0 -15"><span class='ocrx_word' id='word_1_4' title='bbox 186 281 370 333; x_wconf 91' lang='grc' dir='ltr'><strong><em>λεύειν</em></strong></span> <span class='ocrx_word' id='word_1_5' title='bbox 417 278 887 348; x_wconf 89' lang='grc' dir='ltr'><strong><em>συνειθισμένων·</em></strong></span> <span class='ocrx_word' id='word_1_6' title='bbox 950 279 1147 347; x_wconf 82' lang='grc'>&lt;126&gt;</span> <span class='ocrx_word' id='word_1_7' title='bbox 1193 282 1371 334; x_wconf 89' lang='grc' dir='ltr'><strong><em>καίτοι</em></strong></span> <span class='ocrx_word' id='word_1_8' title='bbox 1418 280 1630 332; x_wconf 91' lang='grc' dir='ltr'><strong><em>τούτων</em></strong></span> <span class='ocrx_word' id='word_1_9' title='bbox 1675 281 1746 333; x_wconf 77' lang='grc' dir='ltr'><strong><em>ἄν</em></strong></span> <span class='ocrx_word' id='word_1_10' title='bbox 1791 300 1875 343; x_wconf 89' lang='grc' dir='ltr'><strong><em>τις</em></strong></span> 
     </span>
     <span class='ocr_line' id='line_1_3' title="bbox 185 365 1874 439; baseline 0.001 -19"><span class='ocrx_word' id='word_1_11' title='bbox 185 369 478 439; x_wconf 78' lang='grc' dir='ltr'><em>ἀνάσχοιτο</em></span> <span class='ocrx_word' id='word_1_12' title='bbox 531 369 786 436; x_wconf 77' lang='grc' dir='ltr'><strong><em>τοιαύτης</em></strong></span> <span class='ocrx_word' id='word_1_13' title='bbox 839 370 1219 437; x_wconf 79' lang='grc' dir='ltr'><strong><em>μεγαλαυχίας.</em></strong></span> <span class='ocrx_word' id='word_1_14' title='bbox 1303 376 1413 421; x_wconf 90' lang='grc' dir='ltr'><strong><em>τῶν</em></strong></span> <span class='ocrx_word' id='word_1_15' title='bbox 1467 365 1567 437; x_wconf 77' lang='grc' dir='ltr'><strong><em>μὲν</em></strong></span> <span class='ocrx_word' id='word_1_16' title='bbox 1621 368 1725 437; x_wconf 82' lang='grc' dir='ltr'><strong><em>γὰρ</em></strong></span> <span class='ocrx_word' id='word_1_17' title='bbox 1780 369 1874 421; x_wconf 78' lang='grc' dir='ltr'><strong><em>ἅλ-</em></strong></span> 
     </span>
     <span class='ocr_line' id='line_1_4' title="bbox 183 453 1874 525; baseline 0.001 -17"><span class='ocrx_word' id='word_1_18' title='bbox 183 461 297 509; x_wconf 84' lang='grc' dir='ltr'><strong><em>λων</em></strong></span> <span class='ocrx_word' id='word_1_19' title='bbox 345 457 446 510; x_wconf 89' lang='grc' dir='ltr'><strong><em>οὐκ</em></strong></span> <span class='ocrx_word' id='word_1_20' title='bbox 495 458 645 509; x_wconf 81' lang='grc' dir='ltr'><strong><em>ἔστιν</em></strong></span> <span class='ocrx_word' id='word_1_21' title='bbox 685 456 834 518; x_wconf 84' lang='grc' dir='ltr'><strong><em>ὅστις</em></strong></span> <span class='ocrx_word' id='word_1_22' title='bbox 880 455 1199 525; x_wconf 83' lang='grc' dir='ltr'><strong><em>ἀνθρώπων</em></strong></span> <span class='ocrx_word' id='word_1_23' title='bbox 1237 455 1338 525; x_wconf 87' lang='grc' dir='ltr'><strong><em>οὐχ</em></strong></span> <span class='ocrx_word' id='word_1_24' title='bbox 1380 457 1578 519; x_wconf 75' lang='grc' dir='ltr'><strong><em>ἱκανῶς</em></strong></span> <span class='ocrx_word' id='word_1_25' title='bbox 1616 453 1742 508; x_wconf 88' lang='grc' dir='ltr'><strong><em>καθ’</em></strong></span> <span class='ocrx_word' id='word_1_26' title='bbox 1777 456 1874 509; x_wconf 86' lang='grc' dir='ltr'><strong><em>αὑ-</em></strong></span> 
     </span>
     <span class='ocr_line' id='line_1_5' title="bbox 182 541 1873 614; baseline 0.001 -18"><span class='ocrx_word' id='word_1_27' title='bbox 182 551 281 597; x_wconf 89' lang='grc' dir='ltr'><strong><em>τοῦ</em></strong></span> <span class='ocrx_word' id='word_1_28' title='bbox 333 546 467 613; x_wconf 85' lang='grc' dir='ltr'><strong><em>φαίη</em></strong></span> <span class='ocrx_word' id='word_1_29' title='bbox 526 552 724 597; x_wconf 88' lang='grc' dir='ltr'><strong><em>τοῦτον</em></strong></span> <span class='ocrx_word' id='word_1_30' title='bbox 770 542 862 596; x_wconf 88' lang='grc' dir='ltr'><strong><em>ὑπ’</em></strong></span> <span class='ocrx_word' id='word_1_31' title='bbox 916 541 1180 606; x_wconf 83' lang='grc' dir='ltr'><strong><em>Ἀπίωνος</em></strong></span> <span class='ocrx_word' id='word_1_32' title='bbox 1226 542 1485 614; x_wconf 81' lang='grc' dir='ltr'><strong><em>λελέχθαι</em></strong></span> <span class='ocrx_word' id='word_1_33' title='bbox 1537 546 1635 598; x_wconf 91' lang='grc' dir='ltr'><strong><em>τὸν</em></strong></span> <span class='ocrx_word' id='word_1_34' title='bbox 1690 547 1873 613; x_wconf 88' lang='grc' dir='ltr'><strong><em>λόγον.</em></strong></span> 
     </span>
     <span class='ocr_line' id='line_1_6' title="bbox 182 627 1940 702; baseline 0.001 -18"><span class='ocrx_word' id='word_1_35' title='bbox 182 632 377 699; x_wconf 85' lang='grc'>&lt;127&gt;</span> <span class='ocrx_word' id='word_1_36' title='bbox 434 632 643 700; x_wconf 82' lang='grc' dir='ltr'><strong><em>ὀλίγοις</em></strong></span> <span class='ocrx_word' id='word_1_37' title='bbox 695 628 796 701; x_wconf 77' lang='grc' dir='ltr'><strong><em>μὲν</em></strong></span> <span class='ocrx_word' id='word_1_38' title='bbox 851 632 955 701; x_wconf 81' lang='grc' dir='ltr'><strong><em>γὰρ</em></strong></span> <span class='ocrx_word' id='word_1_39' title='bbox 1009 630 1250 701; x_wconf 80' lang='grc' dir='ltr'><strong><em>ὑπῆρξεν</em></strong></span> <span class='ocrx_word' id='word_1_40' title='bbox 1302 627 1385 702; x_wconf 85' lang='grc' dir='ltr'><strong><em>ἐφ’</em></strong></span> <span class='ocrx_word' id='word_1_41' title='bbox 1431 631 1728 701; x_wconf 79' lang='grc' dir='ltr'><strong><em>ἡγεμονίας</em></strong></span> <span class='ocrx_word' id='word_1_42' title='bbox 1781 635 1873 686; x_wconf 80' lang='grc' dir='ltr'><strong><em>διὰ</em></strong></span> <span class='ocrx_word' id='word_1_43' title='bbox 1920 653 1940 686; x_wconf 82' lang='grc'>5</span> 
     </span>
     <span class='ocr_line' id='line_1_7' title="bbox 180 718 1872 790; baseline 0.001 -17"><span class='ocrx_word' id='word_1_44' title='bbox 180 723 502 790; x_wconf 88' lang='grc' dir='ltr'><strong><em>καιροπτίας</em></strong></span> <span class='ocrx_word' id='word_1_45' title='bbox 541 718 829 789; x_wconf 88' lang='grc' dir='ltr'><strong><em>γενέσθαι,</em></strong></span> <span class='ocrx_word' id='word_1_46' title='bbox 876 718 967 773; x_wconf 88' lang='grc' dir='ltr'><strong><em>καὶ</em></strong></span> <span class='ocrx_word' id='word_1_47' title='bbox 1005 720 1236 782; x_wconf 86' lang='grc' dir='ltr'><strong><em>τούτους</em></strong></span> <span class='ocrx_word' id='word_1_48' title='bbox 1274 720 1335 772; x_wconf 73' lang='grc' dir='ltr'><strong><em>αἱ</em></strong></span> <span class='ocrx_word' id='word_1_49' title='bbox 1369 720 1667 790; x_wconf 86' lang='grc' dir='ltr'><strong><em>μεταβολαὶ</em></strong></span> <span class='ocrx_word' id='word_1_50' title='bbox 1705 722 1872 775; x_wconf 89' lang='grc' dir='ltr'><strong><em>πάλιν</em></strong></span> 
     </span>
     <span class='ocr_line' id='line_1_8' title="bbox 180 806 1875 879; baseline 0.001 -17"><span class='ocrx_word' id='word_1_51' title='bbox 180 811 369 872; x_wconf 77' lang='grc' dir='ltr'><strong><em>ἄλλοις</em></strong></span> <span class='ocrx_word' id='word_1_52' title='bbox 425 810 715 862; x_wconf 84' lang='grc' dir='ltr'><strong><em>δουλεύειν</em></strong></span> <span class='ocrx_word' id='word_1_53' title='bbox 767 806 1094 873; x_wconf 80' lang='grc' dir='ltr'><strong><em>ὑπέζευξαν·</em></strong></span> <span class='ocrx_word' id='word_1_54' title='bbox 1154 809 1214 861; x_wconf 94' lang='grc' dir='ltr'><strong><em>τὸ</em></strong></span> <span class='ocrx_word' id='word_1_55' title='bbox 1269 812 1527 862; x_wconf 87' lang='grc' dir='ltr'><strong><em>πλεῖστον</em></strong></span> <span class='ocrx_word' id='word_1_56' title='bbox 1582 806 1642 862; x_wconf 72' lang='grc' dir='ltr'><strong><em>δὲ</em></strong></span> <span class='ocrx_word' id='word_1_57' title='bbox 1692 814 1875 879; x_wconf 87' lang='grc' dir='ltr'><strong><em>φῦλον</em></strong></span> 
     </span>
     <span class='ocr_line' id='line_1_9' title="bbox 180 896 1874 968; baseline 0.001 -18"><span class='ocrx_word' id='word_1_58' title='bbox 180 899 365 951; x_wconf 80' lang='grc' dir='ltr'><strong><em>ἄλλων</em></strong></span> <span class='ocrx_word' id='word_1_59' title='bbox 411 897 687 966; x_wconf 86' lang='grc' dir='ltr'><strong><em>ὑπακήκοε</em></strong></span> <span class='ocrx_word' id='word_1_60' title='bbox 733 898 1011 960; x_wconf 77' lang='grc' dir='ltr'><strong><em>πολλάκις.</em></strong></span> <span class='ocrx_word' id='word_1_61' title='bbox 1095 896 1290 965; x_wconf 84' lang='grc'>&lt;128&gt;</span> <span class='ocrx_word' id='word_1_62' title='bbox 1334 898 1631 965; x_wconf 85' lang='grc' dir='ltr'><strong><em>Αἰγύπτιοι</em></strong></span> <span class='ocrx_word' id='word_1_63' title='bbox 1679 897 1730 951; x_wconf 90' lang='grc' dir='ltr'><strong><em>δ’</em></strong></span> <span class='ocrx_word' id='word_1_64' title='bbox 1767 900 1874 968; x_wconf 79' lang='grc' dir='ltr'><strong><em>ἄρα</em></strong></span> 
     </span>
     <span class='ocr_line' id='line_1_10' title="bbox 179 985 1874 1057; baseline 0.001 -18"><span class='ocrx_word' id='word_1_65' title='bbox 179 988 342 1054; x_wconf 86' lang='grc' dir='ltr'><strong><em>μόνοι</em></strong></span> <span class='ocrx_word' id='word_1_66' title='bbox 391 986 484 1039; x_wconf 80' lang='grc' dir='ltr'><strong><em>διὰ</em></strong></span> <span class='ocrx_word' id='word_1_67' title='bbox 529 987 590 1039; x_wconf 90' lang='grc' dir='ltr'><strong><em>τὸ</em></strong></span> <span class='ocrx_word' id='word_1_68' title='bbox 638 994 999 1054; x_wconf 80' lang='grc' dir='ltr'><strong><em>καταφυγεῖν,</em></strong></span> <span class='ocrx_word' id='word_1_69' title='bbox 1052 985 1124 1047; x_wconf 79' lang='grc' dir='ltr'><strong><em>ὥς</em></strong></span> <span class='ocrx_word' id='word_1_70' title='bbox 1170 998 1362 1055; x_wconf 91' lang='grc' dir='ltr'><strong><em>φασιν,</em></strong></span> <span class='ocrx_word' id='word_1_71' title='bbox 1417 987 1495 1049; x_wconf 85' lang='grc' dir='ltr'><strong><em>εἰς</em></strong></span> <span class='ocrx_word' id='word_1_72' title='bbox 1540 987 1642 1056; x_wconf 85' lang='grc' dir='ltr'><strong><em>τὴν</em></strong></span> <span class='ocrx_word' id='word_1_73' title='bbox 1688 988 1874 1057; x_wconf 85' lang='grc' dir='ltr'><strong><em>χώραν</em></strong></span> 
     </span>
     <span class='ocr_line' id='line_1_11' title="bbox 179 1072 1940 1144; baseline 0.001 -18"><span class='ocrx_word' id='word_1_74' title='bbox 179 1073 364 1127; x_wconf 85' lang='grc' dir='ltr'><strong><em>αὐτῶν</em></strong></span> <span class='ocrx_word' id='word_1_75' title='bbox 395 1076 524 1136; x_wconf 88' lang='grc' dir='ltr'><strong><em>τοὺς</em></strong></span> <span class='ocrx_word' id='word_1_76' title='bbox 560 1076 733 1136; x_wconf 87' lang='grc' dir='ltr'><strong><em>θεοὺς</em></strong></span> <span class='ocrx_word' id='word_1_77' title='bbox 771 1072 861 1127; x_wconf 89' lang='grc' dir='ltr'><strong><em>καὶ</em></strong></span> <span class='ocrx_word' id='word_1_78' title='bbox 894 1079 1148 1143; x_wconf 83' lang='grc' dir='ltr'><strong><em>σωθῆναι</em></strong></span> <span class='ocrx_word' id='word_1_79' title='bbox 1180 1077 1587 1143; x_wconf 85' lang='grc' dir='ltr'><strong><em>μεταβαλόντας</em></strong></span> <span class='ocrx_word' id='word_1_80' title='bbox 1626 1077 1703 1138; x_wconf 83' lang='grc' dir='ltr'><strong><em>εἰς</em></strong></span> <span class='ocrx_word' id='word_1_81' title='bbox 1741 1095 1873 1144; x_wconf 89' lang='grc' dir='ltr'><strong><em>μορ-</em></strong></span> <span class='ocrx_word' id='word_1_82' title='bbox 1898 1097 1940 1128; x_wconf 82' lang='grc' dir='ltr'><strong><em>ιο</em></strong></span> 
     </span>
     <span class='ocr_line' id='line_1_12' title="bbox 178 1160 1874 1233; baseline 0.001 -17"><span class='ocrx_word' id='word_1_83' title='bbox 178 1163 287 1231; x_wconf 79' lang='grc' dir='ltr'><strong><em>φὰς</em></strong></span> <span class='ocrx_word' id='word_1_84' title='bbox 325 1166 562 1233; x_wconf 90' lang='grc' dir='ltr'><strong><em>θηρίων,</em></strong></span> <span class='ocrx_word' id='word_1_85' title='bbox 610 1161 889 1231; x_wconf 80' lang='grc' dir='ltr'><strong><em>ἐξαίρετον</em></strong></span> <span class='ocrx_word' id='word_1_86' title='bbox 933 1160 1097 1232; x_wconf 89' lang='grc' dir='ltr'><strong><em>γέρας</em></strong></span> <span class='ocrx_word' id='word_1_87' title='bbox 1133 1161 1366 1230; x_wconf 79' lang='grc' dir='ltr'><strong><em>εὕροντο</em></strong></span> <span class='ocrx_word' id='word_1_88' title='bbox 1405 1165 1466 1216; x_wconf 93' lang='grc' dir='ltr'><strong><em>τὸ</em></strong></span> <span class='ocrx_word' id='word_1_89' title='bbox 1507 1161 1704 1232; x_wconf 87' lang='grc' dir='ltr'><strong><em>μηδενὶ</em></strong></span> <span class='ocrx_word' id='word_1_90' title='bbox 1744 1164 1874 1217; x_wconf 92' lang='grc' dir='ltr'><strong><em>δου-</em></strong></span> 
     </span>
     <span class='ocr_line' id='line_1_13' title="bbox 178 1249 1873 1321; baseline 0.001 -17"><span class='ocrx_word' id='word_1_91' title='bbox 178 1256 371 1305; x_wconf 82' lang='grc' dir='ltr'><strong><em>λεῦσαι</em></strong></span> <span class='ocrx_word' id='word_1_92' title='bbox 417 1261 529 1305; x_wconf 88' lang='grc' dir='ltr'><strong><em>τῶν</em></strong></span> <span class='ocrx_word' id='word_1_93' title='bbox 567 1258 663 1320; x_wconf 84' lang='grc' dir='ltr'><strong><em>τῆς</em></strong></span> <span class='ocrx_word' id='word_1_94' title='bbox 705 1249 885 1313; x_wconf 85' lang='grc' dir='ltr'><strong><em>Ἀσίας</em></strong></span> <span class='ocrx_word' id='word_1_95' title='bbox 931 1250 963 1319; x_wconf 80' lang='grc' dir='ltr'>ἢ</span> <span class='ocrx_word' id='word_1_96' title='bbox 1011 1258 1106 1319; x_wconf 83' lang='grc' dir='ltr'><strong><em>τῆς</em></strong></span> <span class='ocrx_word' id='word_1_97' title='bbox 1144 1251 1417 1320; x_wconf 86' lang='grc' dir='ltr'><strong><em>Εὐρώπης</em></strong></span> <span class='ocrx_word' id='word_1_98' title='bbox 1462 1251 1873 1321; x_wconf 78' lang='grc' dir='ltr'><strong><em>κρατησάντων,</em></strong></span> 
     </span>
     <span class='ocr_line' id='line_1_14' title="bbox 179 1339 1873 1411; baseline 0.001 -19"><span class='ocrx_word' id='word_1_99' title='bbox 179 1341 237 1392; x_wconf 75' lang='grc' dir='ltr'><strong><em>οἱ</em></strong></span> <span class='ocrx_word' id='word_1_100' title='bbox 279 1343 412 1408; x_wconf 89' lang='grc' dir='ltr'><strong><em>μίαν</em></strong></span> <span class='ocrx_word' id='word_1_101' title='bbox 450 1339 662 1409; x_wconf 80' lang='grc' dir='ltr'><strong><em>ἡμέραν</em></strong></span> <span class='ocrx_word' id='word_1_102' title='bbox 703 1339 762 1392; x_wconf 84' lang='grc' dir='ltr'><strong><em>ἐκ</em></strong></span> <span class='ocrx_word' id='word_1_103' title='bbox 807 1347 908 1393; x_wconf 88' lang='grc' dir='ltr'><strong><em>τοῦ</em></strong></span> <span class='ocrx_word' id='word_1_104' title='bbox 954 1341 1159 1402; x_wconf 89' lang='grc' dir='ltr'><strong><em>παντὸς</em></strong></span> <span class='ocrx_word' id='word_1_105' title='bbox 1204 1341 1406 1402; x_wconf 80' lang='grc' dir='ltr'><strong><em>αἰῶνος</em></strong></span> <span class='ocrx_word' id='word_1_106' title='bbox 1445 1339 1766 1411; x_wconf 82' lang='grc' dir='ltr'><strong><em>ἐλευθερίας</em></strong></span> <span class='ocrx_word' id='word_1_107' title='bbox 1805 1340 1873 1394; x_wconf 89' lang='grc' dir='ltr'><strong><em>οὐ</em></strong></span> 
     </span>
     <span class='ocr_line' id='line_1_15' title="bbox 176 1425 1872 1500; baseline 0.001 -20"><span class='ocrx_word' id='word_1_108' title='bbox 176 1431 435 1498; x_wconf 87' lang='grc' dir='ltr'><strong><em>τυχόντες</em></strong></span> <span class='ocrx_word' id='word_1_109' title='bbox 476 1426 592 1482; x_wconf 84' lang='grc' dir='ltr'><strong><em>ἀλλ’</em></strong></span> <span class='ocrx_word' id='word_1_110' title='bbox 627 1425 759 1482; x_wconf 77' lang='grc' dir='ltr'><strong><em>οὐδὲ</em></strong></span> <span class='ocrx_word' id='word_1_111' title='bbox 798 1429 946 1497; x_wconf 80' lang='grc' dir='ltr'><strong><em>παρὰ</em></strong></span> <span class='ocrx_word' id='word_1_112' title='bbox 985 1438 1095 1481; x_wconf 90' lang='grc' dir='ltr'><strong><em>τῶν</em></strong></span> <span class='ocrx_word' id='word_1_113' title='bbox 1135 1433 1279 1482; x_wconf 79' lang='grc' dir='ltr'><strong><em>οἴκοι</em></strong></span> <span class='ocrx_word' id='word_1_114' title='bbox 1319 1429 1619 1482; x_wconf 80' lang='grc' dir='ltr'><strong><em>δεσποτῶν.</em></strong></span> <span class='ocrx_word' id='word_1_115' title='bbox 1690 1430 1872 1500; x_wconf 81' lang='grc'>&lt;129&gt;</span> 
     </span>
    </p>
   </div>
   <div class='ocr_carea' id='block_1_3' title="bbox 177 1514 2026 1589">
    <p class='ocr_par' dir='ltr' id='par_1_3' title="bbox 177 1514 2026 1589">
     <span class='ocr_line' id='line_1_16' title="bbox 177 1514 2026 1589; baseline 0.001 -20"><span class='ocrx_word' id='word_1_116' title='bbox 177 1517 370 1570; x_wconf 83' lang='grc' dir='ltr'><strong><em>ὅντινα</em></strong></span> <span class='ocrx_word' id='word_1_117' title='bbox 410 1514 512 1586; x_wconf 76' lang='grc' dir='ltr'><strong><em>μὲν</em></strong></span> <span class='ocrx_word' id='word_1_118' title='bbox 552 1517 656 1586; x_wconf 76' lang='grc' dir='ltr'><strong><em>γὰρ</em></strong></span> <span class='ocrx_word' id='word_1_119' title='bbox 697 1516 885 1579; x_wconf 86' lang='grc' dir='ltr'><strong><em>αὐτοῖς</em></strong></span> <span class='ocrx_word' id='word_1_120' title='bbox 925 1516 1227 1587; x_wconf 84' lang='grc' dir='ltr'><strong><em>ἐχρήσαντο</em></strong></span> <span class='ocrx_word' id='word_1_121' title='bbox 1254 1515 1468 1587; x_wconf 82' lang='grc' dir='ltr'><strong><em>Πέρσαι</em></strong></span> <span class='ocrx_word' id='word_1_122' title='bbox 1506 1519 1731 1587; x_wconf 82' lang='grc' dir='ltr'><strong><em>τρόπον,</em></strong></span> <span class='ocrx_word' id='word_1_123' title='bbox 1770 1518 1872 1589; x_wconf 88' lang='grc' dir='ltr'><strong><em>οὐχ</em></strong></span> <span class='ocrx_word' id='word_1_124' title='bbox 1896 1538 1939 1571; x_wconf 90' lang='lat'><strong><em>15</em></strong></span> <span class='ocrx_word' id='word_1_125' title='bbox 2020 1539 2026 1542; x_wconf 92' lang='lat'>·</span> 
     </span>
    </p>
   </div>
   <div class='ocr_carea' id='block_1_4' title="bbox 174 1604 1941 3006">
    <p class='ocr_par' dir='ltr' id='par_1_4' title="bbox 174 1604 1941 3006">
     <span class='ocr_line' id='line_1_17' title="bbox 176 1604 1872 1674; baseline 0.001 -17"><span class='ocrx_word' id='word_1_126' title='bbox 176 1604 316 1669; x_wconf 77' lang='grc' dir='ltr'><strong><em>ἅπαξ</em></strong></span> <span class='ocrx_word' id='word_1_127' title='bbox 357 1607 534 1674; x_wconf 91' lang='grc' dir='ltr'><strong><em>μόνον</em></strong></span> <span class='ocrx_word' id='word_1_128' title='bbox 566 1605 706 1658; x_wconf 79' lang='grc' dir='ltr'><strong><em>ἀλλὰ</em></strong></span> <span class='ocrx_word' id='word_1_129' title='bbox 738 1604 829 1658; x_wconf 84' lang='grc' dir='ltr'><strong><em>καὶ</em></strong></span> <span class='ocrx_word' id='word_1_130' title='bbox 859 1605 1125 1668; x_wconf 78' lang='grc' dir='ltr'><strong><em>πολλάκις</em></strong></span> <span class='ocrx_word' id='word_1_131' title='bbox 1161 1610 1510 1674; x_wconf 83' lang='grc' dir='ltr'><strong><em>πορθοῦντες</em></strong></span> <span class='ocrx_word' id='word_1_132' title='bbox 1539 1606 1636 1668; x_wconf 83' lang='grc' dir='ltr'><strong><em>τὰς</em></strong></span> <span class='ocrx_word' id='word_1_133' title='bbox 1669 1608 1872 1674; x_wconf 90' lang='grc' dir='ltr'><strong><em>πόλεις,</em></strong></span> 
     </span>
     <span class='ocr_line' id='line_1_18' title="bbox 177 1692 1875 1764; baseline 0.001 -18"><span class='ocrx_word' id='word_1_134' title='bbox 177 1694 296 1764; x_wconf 76' lang='grc' dir='ltr'><strong><em>ἱερὰ</em></strong></span> <span class='ocrx_word' id='word_1_135' title='bbox 349 1695 850 1763; x_wconf 86' lang='grc' dir='ltr'><strong><em>κατασκάπτοντες,</em></strong></span> <span class='ocrx_word' id='word_1_136' title='bbox 903 1696 1034 1756; x_wconf 89' lang='grc' dir='ltr'><strong><em>τοὺς</em></strong></span> <span class='ocrx_word' id='word_1_137' title='bbox 1079 1692 1205 1764; x_wconf 86' lang='grc' dir='ltr'><strong><em>παρ’</em></strong></span> <span class='ocrx_word' id='word_1_138' title='bbox 1244 1694 1432 1757; x_wconf 84' lang='grc' dir='ltr'><strong><em>αὐτοῖς</em></strong></span> <span class='ocrx_word' id='word_1_139' title='bbox 1477 1693 1875 1762; x_wconf 83' lang='grc' dir='ltr'><strong><em>νομιζομένους</em></strong></span> 
     </span>
     <span class='ocr_line' id='line_1_19' title="bbox 174 1782 1874 1852; baseline 0 -17"><span class='ocrx_word' id='word_1_140' title='bbox 174 1785 347 1845; x_wconf 90' lang='grc' dir='ltr'><strong><em>θεοὺς</em></strong></span> <span class='ocrx_word' id='word_1_141' title='bbox 385 1783 848 1852; x_wconf 82' lang='grc' dir='ltr'><strong><em>κατασφάζοντες,</em></strong></span> <span class='ocrx_word' id='word_1_142' title='bbox 896 1782 998 1836; x_wconf 86' lang='grc' dir='ltr'><strong><em>οὐκ</em></strong></span> <span class='ocrx_word' id='word_1_143' title='bbox 1041 1782 1110 1835; x_wconf 75' lang='grc' dir='ltr'><strong><em>ἂν</em></strong></span> <span class='ocrx_word' id='word_1_144' title='bbox 1151 1782 1508 1852; x_wconf 79' lang='grc' dir='ltr'><strong><em>ὀνειδίσαιμι·</em></strong></span> <span class='ocrx_word' id='word_1_145' title='bbox 1565 1783 1749 1852; x_wconf 86' lang='lat'>&lt;130&gt;</span> <span class='ocrx_word' id='word_1_146' title='bbox 1787 1804 1874 1852; x_wconf 90' lang='grc' dir='ltr'><strong><em>μι-</em></strong></span> 
     </span>
     <span class='ocr_line' id='line_1_20' title="bbox 175 1869 1872 1942; baseline 0.001 -18"><span class='ocrx_word' id='word_1_147' title='bbox 175 1877 403 1941; x_wconf 89' lang='grc' dir='ltr'><strong><em>μεῖσθαι</em></strong></span> <span class='ocrx_word' id='word_1_148' title='bbox 458 1873 563 1942; x_wconf 82' lang='grc' dir='ltr'><strong><em>γὰρ</em></strong></span> <span class='ocrx_word' id='word_1_149' title='bbox 612 1871 680 1924; x_wconf 89' lang='grc' dir='ltr'><strong><em>οὐ</em></strong></span> <span class='ocrx_word' id='word_1_150' title='bbox 729 1878 971 1942; x_wconf 85' lang='grc' dir='ltr'><strong><em>προσῆκε</em></strong></span> <span class='ocrx_word' id='word_1_151' title='bbox 1022 1872 1123 1940; x_wconf 85' lang='grc' dir='ltr'><strong><em>τὴν</em></strong></span> <span class='ocrx_word' id='word_1_152' title='bbox 1172 1869 1438 1934; x_wconf 86' lang='grc' dir='ltr'><strong><em>Ἀπίωνος</em></strong></span> <span class='ocrx_word' id='word_1_153' title='bbox 1488 1870 1872 1940; x_wconf 83' lang='grc' dir='ltr'><strong><em>ἀπαιδευσίαν,</em></strong></span> 
     </span>
     <span class='ocr_line' id='line_1_21' title="bbox 177 1958 1941 2030; baseline -0.001 -15"><span class='ocrx_word' id='word_1_154' title='bbox 177 1960 237 2023; x_wconf 90' lang='grc' dir='ltr'><strong><em>ὃς</em></strong></span> <span class='ocrx_word' id='word_1_155' title='bbox 275 1962 403 2015; x_wconf 83' lang='grc' dir='ltr'><strong><em>οὔτε</em></strong></span> <span class='ocrx_word' id='word_1_156' title='bbox 442 1961 539 2024; x_wconf 81' lang='grc' dir='ltr'><strong><em>τὰς</em></strong></span> <span class='ocrx_word' id='word_1_157' title='bbox 571 1958 889 2030; x_wconf 89' lang='grc' dir='ltr'><strong><em>Ἀθηναίων</em></strong></span> <span class='ocrx_word' id='word_1_158' title='bbox 927 1961 1093 2029; x_wconf 89' lang='grc' dir='ltr'><strong><em>τύχας</em></strong></span> <span class='ocrx_word' id='word_1_159' title='bbox 1129 1960 1255 2012; x_wconf 79' lang='grc' dir='ltr'><strong><em>οὔτε</em></strong></span> <span class='ocrx_word' id='word_1_160' title='bbox 1287 1961 1381 2022; x_wconf 81' lang='grc' dir='ltr'><strong><em>τὰς</em></strong></span> <span class='ocrx_word' id='word_1_161' title='bbox 1413 1961 1873 2029; x_wconf 87' lang='grc' dir='ltr'><strong><em>Λακεδαιμονίων</em></strong></span> <span class='ocrx_word' id='word_1_162' title='bbox 1897 1981 1941 2014; x_wconf 76' lang='lat'><strong><em>20</em></strong></span> 
     </span>
     <span class='ocr_line' id='line_1_22' title="bbox 176 2044 1873 2118; baseline -0.001 -16"><span class='ocrx_word' id='word_1_163' title='bbox 176 2048 488 2118; x_wconf 82' lang='grc' dir='ltr'><strong><em>ἐνενόησεν,</em></strong></span> <span class='ocrx_word' id='word_1_164' title='bbox 529 2044 606 2101; x_wconf 79' lang='grc' dir='ltr'><strong><em>ὧν</em></strong></span> <span class='ocrx_word' id='word_1_165' title='bbox 639 2051 768 2112; x_wconf 88' lang='grc' dir='ltr'><strong><em>τοὺς</em></strong></span> <span class='ocrx_word' id='word_1_166' title='bbox 807 2046 908 2118; x_wconf 77' lang='grc' dir='ltr'><strong><em>μὲν</em></strong></span> <span class='ocrx_word' id='word_1_167' title='bbox 939 2048 1367 2115; x_wconf 78' lang='grc' dir='ltr'><strong><em>ἀνδρειοτάτους</em></strong></span> <span class='ocrx_word' id='word_1_168' title='bbox 1404 2051 1533 2111; x_wconf 89' lang='grc' dir='ltr'><strong><em>τοὺς</em></strong></span> <span class='ocrx_word' id='word_1_169' title='bbox 1574 2046 1622 2101; x_wconf 90' lang='grc' dir='ltr'><strong><em>δ’</em></strong></span> <span class='ocrx_word' id='word_1_170' title='bbox 1655 2048 1873 2118; x_wconf 87' lang='grc' dir='ltr'><strong><em>εὐσεβε-</em></strong></span> 
     </span>
     <span class='ocr_line' id='line_1_23' title="bbox 175 2135 1872 2207; baseline -0.001 -16"><span class='ocrx_word' id='word_1_171' title='bbox 175 2138 412 2200; x_wconf 88' lang='grc' dir='ltr'><strong><em>στάτους</em></strong></span> <span class='ocrx_word' id='word_1_172' title='bbox 456 2147 568 2190; x_wconf 89' lang='grc' dir='ltr'><strong><em>τῶν</em></strong></span> <span class='ocrx_word' id='word_1_173' title='bbox 611 2135 895 2206; x_wconf 85' lang='grc' dir='ltr'><strong><em>Ἑλλήνων</em></strong></span> <span class='ocrx_word' id='word_1_174' title='bbox 943 2138 1179 2200; x_wconf 76' lang='grc' dir='ltr'><strong><em>ἅπαντες</em></strong></span> <span class='ocrx_word' id='word_1_175' title='bbox 1226 2135 1502 2206; x_wconf 89' lang='grc' dir='ltr'><strong><em>λέγουσιν.</em></strong></span> <span class='ocrx_word' id='word_1_176' title='bbox 1579 2136 1760 2207; x_wconf 82' lang='lat'>&lt;131&gt;</span> <span class='ocrx_word' id='word_1_177' title='bbox 1803 2136 1872 2190; x_wconf 82' lang='grc' dir='ltr'><strong><em>ἐῶ</em></strong></span> 
     </span>
     <span class='ocr_line' id='line_1_24' title="bbox 175 2221 1873 2298; baseline -0.001 -19"><span class='ocrx_word' id='word_1_178' title='bbox 175 2225 435 2295; x_wconf 88' lang='grc' dir='ltr'><strong><em>βασιλέας</em></strong></span> <span class='ocrx_word' id='word_1_179' title='bbox 490 2228 622 2289; x_wconf 88' lang='grc' dir='ltr'><strong><em>τοὺς</em></strong></span> <span class='ocrx_word' id='word_1_180' title='bbox 677 2223 762 2279; x_wconf 86' lang='grc' dir='ltr'><strong><em>ἐπ’</em></strong></span> <span class='ocrx_word' id='word_1_181' title='bbox 812 2226 1066 2298; x_wconf 76' lang='grc' dir='ltr'><strong><em>εὐσεβείᾳ</em></strong></span> <span class='ocrx_word' id='word_1_182' title='bbox 1121 2224 1550 2296; x_wconf 85' lang='grc' dir='ltr'><strong><em>διαβοηθέντας,</em></strong></span> <span class='ocrx_word' id='word_1_183' title='bbox 1616 2221 1719 2295; x_wconf 83' lang='grc' dir='ltr'><strong><em>[ὧν</em></strong></span> <span class='ocrx_word' id='word_1_184' title='bbox 1775 2225 1873 2278; x_wconf 79' lang='grc' dir='ltr'><strong><em>ἕνα</em></strong></span> 
     </span>
     <span class='ocr_line' id='line_1_25' title="bbox 176 2313 1873 2385; baseline 0 -18"><span class='ocrx_word' id='word_1_185' title='bbox 176 2314 477 2384; x_wconf 88' lang='grc' dir='ltr'><strong><em>Κροῖσον],</em></strong></span> <span class='ocrx_word' id='word_1_186' title='bbox 532 2315 674 2378; x_wconf 81' lang='grc' dir='ltr'><strong><em>οἵαις</em></strong></span> <span class='ocrx_word' id='word_1_187' title='bbox 721 2314 1022 2385; x_wconf 85' lang='grc' dir='ltr'><strong><em>ἐχρήσαντο</em></strong></span> <span class='ocrx_word' id='word_1_188' title='bbox 1072 2324 1385 2385; x_wconf 78' lang='grc' dir='ltr'><strong><em>συμφοραῖς</em></strong></span> <span class='ocrx_word' id='word_1_189' title='bbox 1430 2317 1574 2384; x_wconf 89' lang='grc' dir='ltr'><strong><em>βίου.</em></strong></span> <span class='ocrx_word' id='word_1_190' title='bbox 1653 2313 1724 2367; x_wconf 84' lang='grc' dir='ltr'><strong><em>ἐῶ</em></strong></span> <span class='ocrx_word' id='word_1_191' title='bbox 1771 2315 1873 2383; x_wconf 87' lang='grc' dir='ltr'><strong><em>τὴν</em></strong></span> 
     </span>
     <span class='ocr_line' id='line_1_26' title="bbox 176 2399 1939 2475; baseline -0.001 -19"><span class='ocrx_word' id='word_1_192' title='bbox 176 2408 663 2474; x_wconf 89' lang='grc' dir='ltr'><strong><em>καταπρησθεῖσαν</em></strong></span> <span class='ocrx_word' id='word_1_193' title='bbox 704 2401 1021 2472; x_wconf 88' lang='grc' dir='ltr'><strong><em>Ἀθηναίων</em></strong></span> <span class='ocrx_word' id='word_1_194' title='bbox 1060 2402 1383 2474; x_wconf 79' lang='grc' dir='ltr'><strong><em>ἀκρόπολιν,</em></strong></span> <span class='ocrx_word' id='word_1_195' title='bbox 1421 2405 1521 2456; x_wconf 88' lang='grc' dir='ltr'><strong><em>τὸν</em></strong></span> <span class='ocrx_word' id='word_1_196' title='bbox 1561 2402 1622 2456; x_wconf 83' lang='grc' dir='ltr'><strong><em>ἐν</em></strong></span> <span class='ocrx_word' id='word_1_197' title='bbox 1661 2399 1871 2475; x_wconf 78' lang='grc' dir='ltr'><strong><em>Ἐφέσῳ</em></strong></span> <span class='ocrx_word' id='word_1_198' title='bbox 1898 2423 1939 2456; x_wconf 78' lang='lat'><strong><em>25</em></strong></span> 
     </span>
     <span class='ocr_line' id='line_1_27' title="bbox 175 2490 1874 2561; baseline 0 -17"><span class='ocrx_word' id='word_1_199' title='bbox 175 2494 336 2561; x_wconf 89' lang='grc' dir='ltr'><strong><em>ναόν,</em></strong></span> <span class='ocrx_word' id='word_1_200' title='bbox 391 2493 490 2545; x_wconf 92' lang='grc' dir='ltr'><strong><em>τὸν</em></strong></span> <span class='ocrx_word' id='word_1_201' title='bbox 538 2491 598 2545; x_wconf 87' lang='grc' dir='ltr'><strong><em>ἐν</em></strong></span> <span class='ocrx_word' id='word_1_202' title='bbox 646 2494 916 2561; x_wconf 81' lang='grc' dir='ltr'><strong><em>Δελφοῖς,</em></strong></span> <span class='ocrx_word' id='word_1_203' title='bbox 972 2493 1178 2555; x_wconf 78' lang='grc' dir='ltr'><strong><em>ἄλλους</em></strong></span> <span class='ocrx_word' id='word_1_204' title='bbox 1228 2495 1483 2561; x_wconf 79' lang='grc' dir='ltr'><strong><em>μυρίους’</em></strong></span> <span class='ocrx_word' id='word_1_205' title='bbox 1545 2490 1636 2544; x_wconf 87' lang='grc' dir='ltr'><strong><em>καὶ</em></strong></span> <span class='ocrx_word' id='word_1_206' title='bbox 1687 2490 1874 2554; x_wconf 82' lang='grc' dir='ltr'><strong><em>οὐδεὶς</em></strong></span> 
     </span>
     <span class='ocr_line' id='line_1_28' title="bbox 178 2580 1871 2650; baseline -0.001 -16"><span class='ocrx_word' id='word_1_207' title='bbox 178 2581 432 2634; x_wconf 80' lang='grc' dir='ltr'><strong><em>ὠνείδισε</em></strong></span> <span class='ocrx_word' id='word_1_208' title='bbox 487 2582 659 2634; x_wconf 86' lang='grc' dir='ltr'><strong><em>ταῦτα</em></strong></span> <span class='ocrx_word' id='word_1_209' title='bbox 711 2589 827 2643; x_wconf 90' lang='grc' dir='ltr'><strong><em>τοῖς</em></strong></span> <span class='ocrx_word' id='word_1_210' title='bbox 883 2586 1193 2648; x_wconf 86' lang='grc' dir='ltr'><strong><em>παθοῦσιν,</em></strong></span> <span class='ocrx_word' id='word_1_211' title='bbox 1254 2580 1392 2634; x_wconf 78' lang='grc' dir='ltr'><strong><em>ἀλλὰ</em></strong></span> <span class='ocrx_word' id='word_1_212' title='bbox 1445 2589 1560 2643; x_wconf 86' lang='grc' dir='ltr'><strong><em>τοῖς</em></strong></span> <span class='ocrx_word' id='word_1_213' title='bbox 1621 2581 1871 2650; x_wconf 90' lang='grc' dir='ltr'><strong><em>δράσασι.</em></strong></span> 
     </span>
     <span class='ocr_line' id='line_1_29' title="bbox 177 2666 1871 2740; baseline -0.001 -19"><span class='ocrx_word' id='word_1_214' title='bbox 177 2669 360 2739; x_wconf 83' lang='lat'>&lt;132&gt;</span> <span class='ocrx_word' id='word_1_215' title='bbox 397 2671 588 2732; x_wconf 89' lang='grc' dir='ltr'><strong><em>καινὸς</em></strong></span> <span class='ocrx_word' id='word_1_216' title='bbox 627 2666 689 2722; x_wconf 75' lang='grc' dir='ltr'><strong><em>δὲ</em></strong></span> <span class='ocrx_word' id='word_1_217' title='bbox 726 2672 1032 2740; x_wconf 82' lang='grc' dir='ltr'><strong><em>κατήγορος</em></strong></span> <span class='ocrx_word' id='word_1_218' title='bbox 1068 2669 1224 2738; x_wconf 91' lang='grc' dir='ltr'><strong><em>ἡμῶν</em></strong></span> <span class='ocrx_word' id='word_1_219' title='bbox 1258 2667 1463 2722; x_wconf 83' lang='grc' dir='ltr'><strong><em>Ἀπίων</em></strong></span> <span class='ocrx_word' id='word_1_220' title='bbox 1498 2668 1723 2739; x_wconf 86' lang='grc' dir='ltr'><strong><em>εὑρέθη,</em></strong></span> <span class='ocrx_word' id='word_1_221' title='bbox 1761 2678 1871 2721; x_wconf 89' lang='grc' dir='ltr'><strong><em>τῶν</em></strong></span> 
     </span>
     <span class='ocr_line' id='line_1_30' title="bbox 179 2755 1869 2828; baseline -0.001 -18"><span class='ocrx_word' id='word_1_222' title='bbox 179 2759 340 2811; x_wconf 84' lang='grc' dir='ltr'><strong><em>ἰδίων</em></strong></span> <span class='ocrx_word' id='word_1_223' title='bbox 386 2758 560 2812; x_wconf 87' lang='grc' dir='ltr'><strong><em>αὐτοῦ</em></strong></span> <span class='ocrx_word' id='word_1_224' title='bbox 606 2755 732 2828; x_wconf 89' lang='grc' dir='ltr'><strong><em>περὶ</em></strong></span> <span class='ocrx_word' id='word_1_225' title='bbox 780 2757 880 2825; x_wconf 84' lang='grc' dir='ltr'><strong><em>τὴν</em></strong></span> <span class='ocrx_word' id='word_1_226' title='bbox 920 2763 1208 2826; x_wconf 79' lang='grc' dir='ltr'><strong><em>Αἴγυπτον</em></strong></span> <span class='ocrx_word' id='word_1_227' title='bbox 1255 2766 1437 2811; x_wconf 84' lang='grc' dir='ltr'><strong><em>κακῶν</em></strong></span> <span class='ocrx_word' id='word_1_228' title='bbox 1484 2756 1869 2826; x_wconf 81' lang='grc' dir='ltr'><strong><em>ἐκλαθόμενος.</em></strong></span> 
     </span>
     <span class='ocr_line' id='line_1_31' title="bbox 177 2844 1937 2917; baseline 0 -19"><span class='ocrx_word' id='word_1_229' title='bbox 177 2845 316 2899; x_wconf 80' lang='grc' dir='ltr'><strong><em>ἀλλὰ</em></strong></span> <span class='ocrx_word' id='word_1_230' title='bbox 349 2844 668 2917; x_wconf 87' lang='grc' dir='ltr'><strong><em>Σέσωστρις</em></strong></span> <span class='ocrx_word' id='word_1_231' title='bbox 706 2846 877 2899; x_wconf 88' lang='grc' dir='ltr'><strong><em>αὐτὸν</em></strong></span> <span class='ocrx_word' id='word_1_232' title='bbox 917 2847 946 2900; x_wconf 85' lang='grc' dir='ltr'>ὁ</span> <span class='ocrx_word' id='word_1_233' title='bbox 978 2849 1363 2916; x_wconf 89' lang='grc' dir='ltr'><strong><em>μυθευόμενος</em></strong></span> <span class='ocrx_word' id='word_1_234' title='bbox 1393 2847 1685 2914; x_wconf 80' lang='grc' dir='ltr'><strong><em>Αἰγύπτου</em></strong></span> <span class='ocrx_word' id='word_1_235' title='bbox 1715 2847 1869 2914; x_wconf 92' lang='grc' dir='ltr'><strong><em>βασι-</em></strong></span> <span class='ocrx_word' id='word_1_236' title='bbox 1893 2865 1937 2898; x_wconf 79' lang='lat'><strong><em>30</em></strong></span> 
     </span>
     <span class='ocr_line' id='line_1_32' title="bbox 177 2931 1869 3006; baseline -0.001 -19"><span class='ocrx_word' id='word_1_237' title='bbox 177 2937 304 2998; x_wconf 88' lang='grc' dir='ltr'><strong><em>λεὺς</em></strong></span> <span class='ocrx_word' id='word_1_238' title='bbox 353 2936 652 3006; x_wconf 84' lang='grc' dir='ltr'><strong><em>ἐτύφωσεν.</em></strong></span> <span class='ocrx_word' id='word_1_239' title='bbox 729 2934 885 3004; x_wconf 82' lang='grc' dir='ltr'><strong><em>ἡμεῖς</em></strong></span> <span class='ocrx_word' id='word_1_240' title='bbox 933 2931 994 2987; x_wconf 74' lang='grc' dir='ltr'><strong><em>δὲ</em></strong></span> <span class='ocrx_word' id='word_1_241' title='bbox 1032 2937 1163 2998; x_wconf 84' lang='grc' dir='ltr'><strong><em>τοὺς</em></strong></span> <span class='ocrx_word' id='word_1_242' title='bbox 1207 2934 1505 3005; x_wconf 79' lang='grc' dir='ltr'><strong><em>ἡμετέρους</em></strong></span> <span class='ocrx_word' id='word_1_243' title='bbox 1544 2934 1646 2988; x_wconf 87' lang='grc' dir='ltr'><strong><em>οὐκ</em></strong></span> <span class='ocrx_word' id='word_1_244' title='bbox 1685 2932 1756 2986; x_wconf 75' lang='grc' dir='ltr'><strong><em>ἂν</em></strong></span> <span class='ocrx_word' id='word_1_245' title='bbox 1795 2939 1869 2986; x_wconf 81' lang='grc' dir='ltr'><strong><em>εῖ-</em></strong></span> 
     </span>
    </p>
   </div>
  </div>
 </body>
</html>
