2032 3128
0 601 2 674 J

743 99 954 140 ΛΟΓΟΣ
985 99 1185 140 ΕΚΤΟΣ
1738 94 1808 148 87

131 237 306 301 θηκεν
361 232 433 294 ὡς
483 230 584 284 οὐκ
638 232 706 284 ἄν
760 249 888 284 ποτε
945 232 1176 284 δείσειεν
1230 232 1459 283 ἅλωσιν·
1513 236 1652 284 θεοῦ
1707 232 1811 300 γὰρ

131 320 396 390 ὑπάρχειν
434 320 534 387 τὴν
572 321 750 372 πόλιν.
813 319 958 387 <99>
996 317 1085 371 καὶ
1126 319 1155 372 ὁ
1189 316 1448 388 Ἰώσηπος
1485 319 1622 390 πρὸς
1655 316 1806 371 ταῦτ’

133 407 395 475 ἀνέκραγε
437 406 610 459 (πάνυ
651 415 789 474 γοῦν
828 407 1083 475 καθαρὰν
1121 413 1195 478 τῷ
1233 408 1348 478 θεῷ
1386 410 1679 477 τετήρηκας
1717 405 1814 458 αὐ-

131 497 255 563 τήν,
303 494 568 563 ἀμίαντον
609 492 669 547 δὲ
708 494 858 564 μένει
903 497 965 548 τὸ
1012 495 1197 563 ἅγιον,
1261 496 1337 556 εἰς
1383 495 1448 547 ὄν
1493 493 1535 547 τ’
1585 494 1814 559 ἐλπίζεις

87 604 109 637 5
134 584 422 652 σύμμαχον
454 580 621 636 οὐδὲν
652 581 951 651 ἠσέβησας,
981 583 1078 644 τὰς
1111 580 1161 634 δ’
1192 581 1420 650 ἐθίμους
1443 584 1646 644 θυσίας
1677 581 1811 635 ἀπο-

131 672 411 739 λαμβάνει.
489 671 672 739 <ΙΟΟ>
711 670 814 723 κᾶν
868 669 968 739 μέν
1024 671 1126 723 σού
1172 690 1253 732 τις
1303 668 1479 739 ἀφέλῃ
1528 671 1631 737 τὴν
1677 667 1807 722 καθ’

130 758 337 829 ἡμέραν
376 762 617 830 τροφήν,
668 758 1014 827 ἀσεβέστατε,
1060 767 1259 812 τοῦτον
1298 757 1490 826 ἡγήσει
1528 755 1813 826 πολέμιον,

131 848 299 901 αὐτὸν
341 847 421 917 δ’,
468 848 534 901 ὃν
580 855 677 916 τῆς
723 849 954 901 αἰωνίου
991 851 1290 917 θρησκείας
1329 845 1620 917 ἐστέρησας
1657 847 1813 913 θεόν,

130 937 358 1002 ἐλπίζεις
413 938 700 1006 σύμμαχον
755 938 900 1006 ἔχειν
955 935 1016 989 ἐν
1061 943 1135 1008 τῷ
1181 935 1430 1006 πολέμῳς
1492 935 1673 1004 <101>
1723 933 1813 987 καὶ

64 1046 106 1077 10
123 1024 404 1094 Ῥωμαίοις
447 1026 545 1088 τὰς
599 1024 864 1094 ἁμαρτίας
911 1024 1218 1093 ἀνατιθεῖς,
1266 1027 1324 1077 οἳ
1364 1022 1523 1094 μέχρι
1567 1031 1674 1076 νῦν
1721 1024 1814 1090 κη’-

130 1115 322 1168 δονται
360 1123 471 1167 τῶν
507 1112 786 1183 ἡμετέρων
826 1116 1046 1182 νόμων,
1085 1112 1175 1166 καὶ
1214 1114 1308 1175 τὰς
1346 1113 1454 1166 ὑπὸ
1496 1119 1597 1165 σοῦ
1631 1113 1813 1164 διακο-

127 1205 317 1264 πείσας
354 1205 557 1264 θυσίας
595 1201 969 1255 ἀποδίδοσθαι
1008 1209 1082 1272 τςό
1123 1207 1238 1273 θεῷ
1280 1201 1582 1270 βιάζονται;
1631 1201 1814 1269 <102>

127 1293 209 1352 τίς
240 1290 341 1343 οὐκ
373 1289 443 1343 ἂν
475 1289 746 1354 στενάξειε
779 1288 870 1342 καὶ
901 1291 1337 1359 κατολοφύραιτο
1369 1297 1464 1359 τῆς
1497 1289 1813 1359 παραδόξου

128 1382 431 1447 μεταβολῆς
468 1381 570 1448 τὴν
608 1381 802 1446 πόλιν,
851 1383 906 1431 εἴ
942 1376 992 1446 γ’
1040 1377 1346 1447 ἀλλόφυλοι
1386 1375 1488 1447 μὲν
1526 1376 1617 1431 καὶ
1655 1378 1816 1431 πολέ-

61 1489 103 1519 15
128 1487 243 1535 μιοι
283 1467 384 1535 τὴν
433 1468 537 1535 σὴν
584 1466 842 1535 ἀσέβειαν
883 1466 1353 1536 ἐπανορθοῦνται,
1406 1469 1474 1519 σὺ
1516 1464 1576 1519 δὲ
1618 1466 1646 1519 ὁ
1681 1463 1817 1520 Ἰου-

129 1557 307 1623 δαῖος,
348 1555 377 1608 ὁ
417 1564 532 1617 τοῖς
568 1558 762 1624 νόμοις
802 1554 1108 1624 ἐντραφείς,
1146 1554 1416 1609 κάκείνων
1446 1557 1583 1625 πρὸς
1614 1555 1817 1617 αὐτοὺς

126 1647 306 1711 γίγνει
344 1645 743 1714 χαλεπώτερος;
786 1645 968 1712 <103>
1008 1641 1127 1697 ἀλλ’
1166 1640 1208 1696 ὦ
1244 1641 1491 1712 Ἰωάννη,
1529 1642 1620 1697 καὶ
1659 1663 1817 1713 μετα-

126 1740 323 1799 νοῆσαι
376 1729 477 1800 μὲν
529 1731 587 1785 ἐκ
637 1742 819 1786 κακῶν
872 1733 974 1786 οὐκ
1021 1733 1250 1802 αἰσχρὸν
1296 1731 1358 1786 ἐν
1405 1732 1676 1802 ἐσχάτοις,
1726 1731 1816 1786 καὶ

126 1822 298 1874 καλὸν
344 1820 651 1890 ὑπόδειγμα
697 1820 1019 1894 βουλομένῳ
1068 1823 1261 1885 σώζειν
1310 1822 1411 1890 τὴν
1450 1823 1688 1891 πατρίδα
1728 1835 1817 1875 σοι

5 1931 14 1936 ’
58 1931 104 1962 20
127 1913 410 1976 πρόκειται
441 1912 702 1978 βασιλεὺς
727 1907 1016 1962 Ἰουδαίων
1042 1907 1340 1979 Ἰεχωνίας,
1379 1909 1561 1978 (104)
1595 1910 1656 1973 ὅς
1685 1929 1817 1963 ποτε

128 1998 523 2066 στρατεύσαντι
547 2005 622 2069 τῷ
638 2001 981 2070 Βαβυλωνίῳ
1008 1996 1083 2050 δι’
1116 1998 1287 2050 αὐτὸν
1311 1995 1452 2051 ἑκὼν
1477 1997 1660 2066 ἐξέστη
1685 1997 1819 2068 πρὶν

128 2085 339 2139 ἁλῶναι
371 2093 466 2154 τῆς
496 2088 732 2154 πόλεως,
770 2083 861 2138 καὶ
893 2086 1027 2154 μετὰ
1057 2093 1249 2153 γενεᾶς
1287 2087 1666 2155 αἰχμαλωσίαν
1690 2086 1819 2139 ὑπέ-

127 2195 316 2244 μεινεν
357 2175 685 2228 ἐθελούσιον
716 2170 855 2243 ὑπὲρ
888 2181 987 2227 τοῦ
1019 2175 1091 2242 μὴ
1131 2175 1480 2242 παραδοῦναι
1518 2183 1690 2228 ταῦτα
1727 2193 1820 2228 πο-

127 2266 335 2332 λεμίοις
373 2264 438 2315 τὰ
470 2264 600 2331 ἅγια
638 2260 728 2316 καὶ
765 2264 863 2316 τὸν
895 2259 1051 2316 οἷκον
1082 2270 1182 2315 τοῦ
1213 2268 1354 2316 θεοῦ
1386 2265 1658 2332 περιιδεῖν
1689 2269 1819 2332 φλε-

58 2374 102 2405 25
128 2355 381 2420 γόμενον.
437 2352 619 2420 <105>
653 2352 745 2404 διὰ
776 2359 942 2404 τοῦτο
979 2354 1141 2419 λόγος
1179 2348 1225 2403 τ’
1264 2351 1434 2405 αὐτὸν
1473 2353 1611 2420 πρὸς
1649 2351 1819 2405 ἀπάν-

126 2461 238 2494 των
284 2438 573 2493 Ἰουδαίων
626 2440 772 2510 ίερὸς
818 2437 1075 2508 ἀνυμνεῖ,
1126 2437 1216 2492 καὶ
1262 2442 1448 2509 μνήμη
1497 2438 1700 2510 ῥέουσα
1741 2438 1816 2493 δι’

127 2531 328 2592 αἰῶνος
366 2527 449 2581 ἀεὶ
490 2527 590 2581 νέα
629 2537 744 2590 τοῖς
783 2527 1222 2596 ἐπιγιγνομένοις
1259 2529 1642 2596 παραδίδωσιν
1681 2528 1823 2582 ἀθά-

59 2628 62 2631 ”
126 2637 311 2671 νατον.
353 2618 536 2687 <106>
559 2620 749 2686 καλόν,
791 2612 833 2669 ὦ
859 2614 1117 2686 Ἰωάννη,
1149 2617 1474 2686 ὑπόδειγμα,
1505 2616 1610 2670 κᾶν
1641 2625 1820 2688 προσῇ

125 2708 403 2770 κίνδυνος.
466 2706 573 2775 ἐγὼ
616 2705 682 2758 δέ
718 2719 806 2758 σοι
845 2703 938 2758 καὶ
976 2707 1078 2775 τὴν
1117 2705 1223 2759 ἀπὸ
1254 2703 1537 2774 Ῥωμαίων
1574 2707 1823 2774 συγγνώ-

57 2816 102 2848 30
126 2814 236 2863 μην
269 2794 563 2864 ἐγγυῶμαι.
604 2796 786 2862 <107>
812 2793 1059 2863 μέμνησο
1093 2790 1143 2847 δ”
1177 2795 1251 2858 ὡς
1275 2794 1559 2864 ὁμόφυλος
1583 2795 1662 2847 ὢν
1685 2813 1823 2861 παρ-

125 2892 263 2936 αινῶ
303 2882 394 2937 καὶ
420 2881 691 2946 Ἰουδαῖος
731 2883 810 2936 ὢν
851 2882 1277 2953 ἐπαγγέλλομαι·
1334 2880 1425 2936 καὶ
1457 2884 1560 2953 χρὴ
1595 2893 1823 2937 σκοπεῖν
