2032 3128
209 92 314 143 142
635 94 761 136 TOT
790 95 1130 137 IOTAAIKOT
1160 95 1470 137 ΠΟΛΕΜΟΥ

202 228 302 295 τὴν
341 229 620 279 Γαλατίαν
657 227 811 290 τάξιν
850 228 951 296 τὴν
987 230 1376 296 προσήκουσαν
1417 229 1774 297 Δομετιανός,
1813 227 1888 290 ὡς

200 312 328 382 μηδ’
366 310 532 377 αὖθις
562 317 632 368 ἄν
662 333 792 368 ποτε
826 316 1031 387 ῥᾳδίως
1061 317 1141 368 ἔτι
1170 315 1326 369 τάκεῖ
1358 321 1724 386 ταραχθῆναι,
1755 319 1887 384 λαμ-

198 403 335 470 πρὸς
380 401 472 456 καὶ
519 406 877 472 περίβλεπτος
924 402 1011 456 ἐπὶ
1060 406 1332 473 κρείττοσι
1381 402 1483 473 μὲν
1532 412 1626 470 τῆς
1674 403 1889 469 ἡλικίας

197 489 469 555 πρέπουσι
516 488 578 541 δὲ
623 496 698 559 τῷ
744 489 908 558 πατρὶ
955 493 1383 559 κατορθώμασιν
1420 491 1499 552 εἰς
1544 491 1644 558 τὴν
1677 488 1886 559 Ῥώμην

197 575 495 640 ἀνέζευξεν.
1931 599 1953 632 5

139 682 164 719 3
310 665 455 733 <89>
492 671 556 733 τῇ
591 661 652 716 δὲ
682 662 1055 735 προειρημένῃ
1087 667 1391 734 Γερμανῶν
1423 665 1720 719 ἀποστάσει
1752 667 1887 719 κατὰ

196 754 292 816 τὰς
341 752 509 814 αὐτὰς
559 750 766 822 ἡμέρας
813 750 902 804 καὶ
951 754 1243 806 Σκυθικὸν
1289 756 1539 822 τόλμημα
1587 755 1725 822 πρὸς
1763 752 1887 807 Ῥω-

196 844 395 909 μαίους
434 839 797 910 συνέδραμεν.
851 840 997 909 <9Ο>
1029 841 1088 894 οἱ
1121 841 1226 909 γὰρ
1265 841 1599 909 καλούμενοι
1637 845 1886 894 Σκυθῶν

197 930 506 999 Σαρμάται,
543 931 688 982 πολὺ
719 933 936 997 πλῆθος
967 930 1139 996 ὄντες,
1178 930 1376 998 ἄδηλοι
1408 927 1510 997 μὲν
1542 930 1640 981 τὸν
1663 927 1886 998 Ἴστρον

197 1017 617 1087 ἐπεραιώθησαν
663 1019 741 1078 εἰς
786 1018 888 1085 τὴν
926 1019 1186 1084 Μυσίαν,
1233 1019 1419 1070 ἔπειτα
1467 1013 1528 1070 δὲ
1574 1021 1751 1087 πολλῇ
1789 1019 1885 1088 βίᾳ
1910 1041 1953 1072 10

195 1105 285 1159 καὶ
331 1104 555 1176 χαλεποὶ
604 1107 697 1158 διὰ
743 1108 804 1159 τὸ
850 1105 1200 1158 παντάπασιν
1246 1104 1576 1159 ἀνέλπιστον
1625 1112 1720 1173 τῆς
1759 1104 1886 1174 ἐφό-

196 1195 300 1248 δου
338 1196 743 1262 προσπεσόντες
787 1196 1028 1256 πολλοὺς
1075 1191 1176 1262 μὲν
1223 1203 1335 1247 τῶν
1379 1192 1466 1246 ε’πὶ
1505 1200 1601 1262 τῆς
1638 1200 1887 1262 φρουρᾶς

188 1281 466 1352 Ῥωμαίων
521 1282 836 1351 ἀναιροῦσι,
898 1282 1045 1350 <91>
1093 1280 1184 1335 καὶ
1237 1284 1337 1336 τὸν
1389 1283 1734 1352 πρεσβευτὴν
1786 1282 1887 1334 τὸν

199 1371 462 1425 ὑπατικὸν
503 1375 785 1440 Φοντήιον
817 1369 1122 1439 Ἀγρίππαν
1160 1371 1574 1424 ὑπαντιάσαντα
1612 1378 1887 1439 καρτερῶς

194 1463 508 1530 μαχόμενον
545 1463 841 1527 κτείνουσι,
881 1460 981 1527 τὴν
1023 1457 1072 1512 δ’
1117 1459 1487 1529 ὑποκειμένην
1525 1460 1709 1529 χώραν
1750 1459 1886 1511 ἅπα-
1911 1482 1952 1514 15

195 1563 298 1601 σαν
328 1548 672 1619 κατέτρεχον,
705 1549 931 1617 ἄγοντες
962 1547 1051 1601 καὶ
1084 1547 1348 1618 φέροντες
1380 1548 1487 1621 ὅτῳ
1519 1546 1885 1617 περιπέσοιεν.

192 1636 335 1706 <92>
369 1635 753 1700 ’δεσπασιανὸς
799 1634 861 1690 δὲ
911 1637 977 1689 τὰ
1024 1635 1362 1707 γεγενημένα
1400 1635 1492 1690 καὶ
1534 1638 1636 1705 τὴν
1674 1637 1887 1704 πόρθη-

194 1740 284 1778 σιν
316 1733 410 1794 τῆς
440 1729 668 1789 Μυσίας
705 1728 1027 1795 πυθόμενος
1055 1724 1344 1796 Ῥούβριον
1376 1726 1596 1779 Γάλλον
1628 1723 1887 1793 ἐκπέμπει

193 1816 353 1884 δίκην
394 1814 734 1883 ἐπιθήσοντα
772 1824 886 1877 τοῖς
925 1815 1272 1884 Σαρμάταις,
1328 1814 1473 1883 <93>
1512 1810 1610 1884 ὑφ’
1649 1810 1716 1867 οὗ
1754 1817 1886 1866 πολ-

192 1902 280 1956 λοὶ
320 1901 421 1973 μὲν
460 1904 644 1956 αὐτῶν
684 1902 745 1956 ἐν
784 1913 903 1966 ταῖς
942 1903 1139 1973 μάχαις
1178 1902 1492 1971 ἀπέθανον,
1532 1905 1594 1957 τὸ
1636 1899 1696 1956 δὲ
1734 1921 1884 1971 περι·
1910 1924 1954 1956 20

192 1990 378 2045 σωθὲν
411 1993 543 2061 μετὰ
576 1991 737 2054 δέους
770 1993 846 2055 εἰς
876 1993 978 2061 τὴν
1011 1994 1223 2046 οἰκείαν
1255 1991 1500 2062 διέφυγε.
1547 1991 1693 2060 <94>
1722 1999 1885 2045 τοῦτο

192 2077 254 2133 δὲ
291 2088 365 2152 τῷ
404 2079 624 2154 πολέμῳ
663 2080 820 2143 τέλος
867 2079 1079 2144 ἐπιθεὶς
1126 2081 1155 2135 ὁ
1205 2082 1507 2150 στρατηγὸς
1544 2078 1636 2133 καὶ
1675 2086 1772 2147 τῆς
1810 2081 1889 2141 εἰς

189 2170 251 2222 τὸ
291 2167 495 2237 μέλλον
535 2169 837 2238 ἀσφαλείας
874 2172 1212 2239 προυνόησε·
1251 2173 1470 2223 πλείοσι
1509 2170 1615 2238 γὰρ
1649 2166 1740 2221 καὶ
1772 2171 1888 2237 μεί-

192 2260 306 2320 ζοσι
345 2262 618 2326 φυλακαῖς
656 2259 754 2311 τὸν
794 2260 965 2311 τόπον
1006 2257 1280 2327 διέλαβεν,
1321 2258 1395 2321 ὡς
1434 2253 1578 2311 εἶναι
1610 2266 1724 2319 τοῖς
1755 2259 1888 2325 βαρ-

188 2346 381 2416 βάροις
417 2348 519 2415 τὴν
560 2346 821 2415 διάβασιν
859 2346 1057 2410 τελέως
1095 2346 1391 2400 ἀδύνατον.
1910 2366 1952 2399 25

122 2436 156 2488 5
299 2434 446 2504 <95>
485 2435 514 2489 ὁ
554 2431 656 2503 μὲν
696 2430 800 2488 οὖν
831 2434 957 2504 περὶ
993 2437 1095 2504 τὴν
1126 2439 1359 2489 Μυσίαν
1389 2438 1627 2504 πόλεμος
1664 2442 1887 2503 ταχεῖαν

189 2524 365 2587 οὕτως
403 2526 564 2594 ἔλαβε
603 2525 704 2592 τὴν
743 2526 945 2592 κρίσιν.
1008 2525 1154 2593 <96>
1204 2528 1361 2587 Τίτος
1401 2522 1463 2577 δὲ
1503 2526 1721 2592 Καῖσαρ
1759 2524 1886 2592 χρό-

185 2633 289 2666 νον
336 2612 438 2682 μέν
476 2632 600 2666 τινα
640 2610 923 2681 διέτριψεν
974 2612 1034 2666 ἐν
1072 2616 1327 2686 Βηρυτῷ,
1373 2613 1521 2665 καθὰ
1559 2612 1887 2682 προειρήκα-

185 2721 305 2770 μεν,
345 2701 564 2754 ἐκεῖθεν
604 2698 654 2754 δ’
693 2700 1008 2767 ἀναζεύξας,
1049 2701 1141 2754 καὶ
1179 2700 1253 2755 δι’
1293 2697 1372 2754 ὧν
1401 2698 1498 2776 ,ᾔει
1537 2703 1753 2754 πόλεων
1793 2706 1887 2766 τῆς

186 2793 421 2860 Συρίας,
468 2789 529 2843 ἐν
575 2789 774 2852 πάσαις
818 2793 1061 2860 θεωρίας
1107 2810 1164 2844 τε
1213 2793 1497 2843 συντελῶν
1542 2792 1882 2855 πολυτελεῖς,
1908 2809 1952 2842 3ο

182 2876 273 2931 καὶ
313 2888 424 2932 τῶν
456 2876 746 2932 Ἰουδαίων
784 2881 914 2942 τοὺς
951 2880 1334 2949 αἰχμαλώτους
1373 2881 1452 2942 εἰς
1484 2877 1750 2942 ἐπίδειξιν
1783 2884 1880 2946 τῆς
