<?xml version="1.0" encoding="UTF-8"?>
<!DOCTYPE html PUBLIC "-//W3C//DTD XHTML 1.0 Transitional//EN"
    "http://www.w3.org/TR/xhtml1/DTD/xhtml1-transitional.dtd">
<html xmlns="http://www.w3.org/1999/xhtml" xml:lang="en" lang="en">
 <head>
  <title>
</title>
<meta http-equiv="Content-Type" content="text/html;charset=utf-8" />
  <meta name='ocr-system' content='tesseract 3.04.00' />
  <meta name='ocr-capabilities' content='ocr_page ocr_carea ocr_par ocr_line ocrx_word'/>
</head>
<body>
  <div class='ocr_page' id='page_1' title='image "./flaviiiosephiope06joseuoft_0301.png"; bbox 0 0 2032 3128; ppageno 0'>
   <div class='ocr_carea' id='block_1_1' title="bbox 722 138 1839 192">
    <p class='ocr_par' dir='ltr' id='par_1_1' title="bbox 722 138 1839 192">
     <span class='ocr_line' id='line_1_1' title="bbox 722 138 1839 192; baseline 0.009 -10"><span class='ocrx_word' id='word_1_1' title='bbox 722 142 932 184; x_wconf 79' lang='grc' dir='ltr'>ΛΟΓΟΣ</span> <span class='ocrx_word' id='word_1_2' title='bbox 961 141 1279 183; x_wconf 65' lang='grc' dir='ltr'><strong>ΔΕΥΤΕΡΟΣ</strong></span> <span class='ocrx_word' id='word_1_3' title='bbox 1730 138 1839 192; x_wconf 80' lang='grc'><strong><em>245</em></strong></span> 
     </span>
    </p>
   </div>
   <div class='ocr_carea' id='block_1_2' title="bbox 38 273 1906 3002">
    <p class='ocr_par' dir='ltr' id='par_1_2' title="bbox 38 273 1906 3002">
     <span class='ocr_line' id='line_1_2' title="bbox 166 273 1839 344; baseline 0.001 -18"><span class='ocrx_word' id='word_1_4' title='bbox 166 275 299 326; x_wconf 81' lang='grc' dir='ltr'><strong><em>κατὰ</em></strong></span> <span class='ocrx_word' id='word_1_5' title='bbox 345 273 684 342; x_wconf 86' lang='grc' dir='ltr'><strong><em>ταύτόματον</em></strong></span> <span class='ocrx_word' id='word_1_6' title='bbox 731 276 876 338; x_wconf 85' lang='grc' dir='ltr'><strong><em>εἰκὸς</em></strong></span> <span class='ocrx_word' id='word_1_7' title='bbox 921 274 1064 328; x_wconf 81' lang='grc' dir='ltr'><strong><em>οὕτω</em></strong></span> <span class='ocrx_word' id='word_1_8' title='bbox 1112 278 1407 344; x_wconf 84' lang='grc' dir='ltr'><strong><em>συμβῆναι·</em></strong></span> <span class='ocrx_word' id='word_1_9' title='bbox 1461 275 1684 327; x_wconf 89' lang='grc' dir='ltr'><strong><em>πάντων</em></strong></span> <span class='ocrx_word' id='word_1_10' title='bbox 1734 276 1839 344; x_wconf 84' lang='grc' dir='ltr'><strong><em>γὰρ</em></strong></span> 
     </span>
     <span class='ocr_line' id='line_1_3' title="bbox 166 361 1840 432; baseline 0.001 -18"><span class='ocrx_word' id='word_1_11' title='bbox 166 363 526 429; x_wconf 83' lang='grc' dir='ltr'><strong><em>ἀλογώτατον.</em></strong></span> <span class='ocrx_word' id='word_1_12' title='bbox 609 362 764 430; x_wconf 81' lang='grc'>&lt;25&gt;</span> <span class='ocrx_word' id='word_1_13' title='bbox 812 363 840 416; x_wconf 87' lang='grc' dir='ltr'>ὁ</span> <span class='ocrx_word' id='word_1_14' title='bbox 888 361 949 415; x_wconf 75' lang='grc' dir='ltr'><strong><em>δὲ</em></strong></span> <span class='ocrx_word' id='word_1_15' title='bbox 993 366 1312 431; x_wconf 88' lang='grc' dir='ltr'><strong><em>θαυμαστὸς</em></strong></span> <span class='ocrx_word' id='word_1_16' title='bbox 1354 361 1555 416; x_wconf 85' lang='grc' dir='ltr'><strong><em>Ἀπίων</em></strong></span> <span class='ocrx_word' id='word_1_17' title='bbox 1602 364 1692 416; x_wconf 82' lang='grc' dir='ltr'><strong><em>διὰ</em></strong></span> <span class='ocrx_word' id='word_1_18' title='bbox 1739 361 1840 432; x_wconf 75' lang='grc' dir='ltr'><strong><em>μὲν</em></strong></span> 
     </span>
     <span class='ocr_line' id='line_1_4' title="bbox 166 449 1841 521; baseline 0.002 -19"><span class='ocrx_word' id='word_1_19' title='bbox 166 450 219 514; x_wconf 75' lang='grc' dir='ltr'><strong><em>ἓξ</em></strong></span> <span class='ocrx_word' id='word_1_20' title='bbox 259 451 477 518; x_wconf 81' lang='grc' dir='ltr'><strong><em>ἡμερῶν</em></strong></span> <span class='ocrx_word' id='word_1_21' title='bbox 516 450 715 513; x_wconf 88' lang='grc' dir='ltr'><strong><em>αὐτοὺς</em></strong></span> <span class='ocrx_word' id='word_1_22' title='bbox 751 450 937 504; x_wconf 82' lang='grc' dir='ltr'><em>ἐλθεῖν</em></span> <span class='ocrx_word' id='word_1_23' title='bbox 977 453 1053 514; x_wconf 86' lang='grc' dir='ltr'><strong><em>εἰς</em></strong></span> <span class='ocrx_word' id='word_1_24' title='bbox 1090 453 1191 520; x_wconf 88' lang='grc' dir='ltr'><strong><em>τὴν</em></strong></span> <span class='ocrx_word' id='word_1_25' title='bbox 1223 449 1499 504; x_wconf 80' lang='grc' dir='ltr'><strong><em>Ἰουδαίαν</em></strong></span> <span class='ocrx_word' id='word_1_26' title='bbox 1530 454 1841 521; x_wconf 77' lang='grc' dir='ltr'><strong><em>προείρηκε,</em></strong></span> 
     </span>
     <span class='ocr_line' id='line_1_5' title="bbox 163 535 1840 608; baseline 0.002 -17"><span class='ocrx_word' id='word_1_27' title='bbox 163 539 329 592; x_wconf 92' lang='grc' dir='ltr'><strong><em>πάλιν</em></strong></span> <span class='ocrx_word' id='word_1_28' title='bbox 377 535 437 591; x_wconf 75' lang='grc' dir='ltr'><strong><em>δὲ</em></strong></span> <span class='ocrx_word' id='word_1_29' title='bbox 483 540 580 592; x_wconf 90' lang='grc' dir='ltr'><strong><em>τὸν</em></strong></span> <span class='ocrx_word' id='word_1_30' title='bbox 626 542 880 608; x_wconf 81' lang='grc' dir='ltr'><em>Μωυσῆν</em></span> <span class='ocrx_word' id='word_1_31' title='bbox 929 541 1007 602; x_wconf 88' lang='grc' dir='ltr'><strong><em>εἰς</em></strong></span> <span class='ocrx_word' id='word_1_32' title='bbox 1056 541 1116 592; x_wconf 93' lang='grc' dir='ltr'><strong><em>τὸ</em></strong></span> <span class='ocrx_word' id='word_1_33' title='bbox 1168 540 1366 608; x_wconf 83' lang='grc' dir='ltr'><strong><em>μεταξὺ</em></strong></span> <span class='ocrx_word' id='word_1_34' title='bbox 1414 547 1508 608; x_wconf 83' lang='grc' dir='ltr'><strong><em>τῆς</em></strong></span> <span class='ocrx_word' id='word_1_35' title='bbox 1553 541 1840 608; x_wconf 80' lang='grc' dir='ltr'><strong><em>Αἰγύπτου</em></strong></span> 
     </span>
     <span class='ocr_line' id='line_1_6' title="bbox 121 625 1842 697; baseline 0.003 -22"><span class='ocrx_word' id='word_1_36' title='bbox 121 645 140 675; x_wconf 83' lang='grc'>5</span> <span class='ocrx_word' id='word_1_37' title='bbox 164 625 254 680; x_wconf 85' lang='grc' dir='ltr'><strong><em>καὶ</em></strong></span> <span class='ocrx_word' id='word_1_38' title='bbox 292 635 386 694; x_wconf 81' lang='grc' dir='ltr'><strong><em>τῆς</em></strong></span> <span class='ocrx_word' id='word_1_39' title='bbox 426 625 680 696; x_wconf 78' lang='grc' dir='ltr'><strong><em>Ἀραβίας</em></strong></span> <span class='ocrx_word' id='word_1_40' title='bbox 718 629 868 696; x_wconf 81' lang='grc' dir='ltr'><strong><em>ὄρος,</em></strong></span> <span class='ocrx_word' id='word_1_41' title='bbox 912 627 940 680; x_wconf 89' lang='grc' dir='ltr'><strong><em>ὃ</em></strong></span> <span class='ocrx_word' id='word_1_42' title='bbox 980 632 1223 680; x_wconf 78' lang='grc' dir='ltr'><strong><em>καλεῖται</em></strong></span> <span class='ocrx_word' id='word_1_43' title='bbox 1262 632 1516 697; x_wconf 89' lang='grc' dir='ltr'><strong><em>Σίναιον,</em></strong></span> <span class='ocrx_word' id='word_1_44' title='bbox 1562 627 1842 697; x_wconf 75' lang='grc' dir='ltr'><strong><em>ἀναβάντα</em></strong></span> 
     </span>
     <span class='ocr_line' id='line_1_7' title="bbox 164 713 1842 785; baseline 0.001 -17"><span class='ocrx_word' id='word_1_45' title='bbox 164 713 335 785; x_wconf 88' lang='grc' dir='ltr'><strong><em>φησὶν</em></strong></span> <span class='ocrx_word' id='word_1_46' title='bbox 374 714 578 784; x_wconf 82' lang='grc' dir='ltr'><strong><em>ἡμέρας</em></strong></span> <span class='ocrx_word' id='word_1_47' title='bbox 614 716 1007 785; x_wconf 90' lang='grc' dir='ltr'><strong><em>τετταράκοντα</em></strong></span> <span class='ocrx_word' id='word_1_48' title='bbox 1045 719 1339 785; x_wconf 73' lang='grc' dir='ltr'><strong><em>κρυβῆναι,</em></strong></span> <span class='ocrx_word' id='word_1_49' title='bbox 1385 717 1644 770; x_wconf 84' lang='grc' dir='ltr'><strong><em>κάκεῖθεν</em></strong></span> <span class='ocrx_word' id='word_1_50' title='bbox 1682 736 1842 769; x_wconf 89' lang='grc' dir='ltr'><strong><em>κατα-</em></strong></span> 
     </span>
     <span class='ocr_line' id='line_1_8' title="bbox 164 801 1844 874; baseline 0.001 -17"><span class='ocrx_word' id='word_1_51' title='bbox 164 805 336 873; x_wconf 89' lang='grc' dir='ltr'><strong><em>βάντα</em></strong></span> <span class='ocrx_word' id='word_1_52' title='bbox 375 806 572 857; x_wconf 87' lang='grc' dir='ltr'><strong><em>δοῦναι</em></strong></span> <span class='ocrx_word' id='word_1_53' title='bbox 611 813 726 866; x_wconf 83' lang='grc' dir='ltr'><strong><em>τοῖς</em></strong></span> <span class='ocrx_word' id='word_1_54' title='bbox 758 801 1047 867; x_wconf 82' lang='grc' dir='ltr'><strong><em>Ἰουδαίοις</em></strong></span> <span class='ocrx_word' id='word_1_55' title='bbox 1077 807 1206 867; x_wconf 88' lang='grc' dir='ltr'><strong><em>τοὺς</em></strong></span> <span class='ocrx_word' id='word_1_56' title='bbox 1244 808 1461 874; x_wconf 87' lang='grc' dir='ltr'><strong><em>νόμους.</em></strong></span> <span class='ocrx_word' id='word_1_57' title='bbox 1522 808 1699 858; x_wconf 89' lang='grc' dir='ltr'><strong><em>καίτοι</em></strong></span> <span class='ocrx_word' id='word_1_58' title='bbox 1730 815 1844 868; x_wconf 80' lang='grc' dir='ltr'><strong><em>πῶς</em></strong></span> 
     </span>
     <span class='ocr_line' id='line_1_9' title="bbox 165 886 1844 964; baseline -0.001 -18"><span class='ocrx_word' id='word_1_59' title='bbox 165 886 286 946; x_wconf 84' lang='grc' dir='ltr'><strong><em>οἷόν</em></strong></span> <span class='ocrx_word' id='word_1_60' title='bbox 324 912 382 946; x_wconf 88' lang='grc' dir='ltr'><strong><em>τε</em></strong></span> <span class='ocrx_word' id='word_1_61' title='bbox 426 895 554 955; x_wconf 88' lang='grc' dir='ltr'><strong><em>τοὺς</em></strong></span> <span class='ocrx_word' id='word_1_62' title='bbox 600 892 802 955; x_wconf 85' lang='grc' dir='ltr'><strong><em>αὐτοὺς</em></strong></span> <span class='ocrx_word' id='word_1_63' title='bbox 847 891 936 945; x_wconf 87' lang='grc' dir='ltr'><strong><em>καὶ</em></strong></span> <span class='ocrx_word' id='word_1_64' title='bbox 976 893 1369 963; x_wconf 88' lang='grc' dir='ltr'><strong><em>τετταράκοντα</em></strong></span> <span class='ocrx_word' id='word_1_65' title='bbox 1417 892 1605 962; x_wconf 89' lang='grc' dir='ltr'><strong><em>μένειν</em></strong></span> <span class='ocrx_word' id='word_1_66' title='bbox 1643 891 1844 964; x_wconf 85' lang='grc' dir='ltr'><strong><em>ἡμέρας</em></strong></span> 
     </span>
     <span class='ocr_line' id='line_1_10' title="bbox 165 979 1845 1054; baseline 0 -20"><span class='ocrx_word' id='word_1_67' title='bbox 165 981 224 1034; x_wconf 86' lang='grc' dir='ltr'><strong><em>ἐν</em></strong></span> <span class='ocrx_word' id='word_1_68' title='bbox 265 981 445 1054; x_wconf 77' lang='grc' dir='ltr'><strong><em>ἐρήμῳ</em></strong></span> <span class='ocrx_word' id='word_1_69' title='bbox 485 979 575 1034; x_wconf 83' lang='grc' dir='ltr'><strong><em>καὶ</em></strong></span> <span class='ocrx_word' id='word_1_70' title='bbox 616 981 836 1054; x_wconf 75' lang='grc' dir='ltr'><strong><em>ἀνύδρῳ</em></strong></span> <span class='ocrx_word' id='word_1_71' title='bbox 875 984 1023 1052; x_wconf 81' lang='grc' dir='ltr'><strong><em>τόπῳ</em></strong></span> <span class='ocrx_word' id='word_1_72' title='bbox 1062 979 1154 1034; x_wconf 84' lang='grc' dir='ltr'><strong><em>καὶ</em></strong></span> <span class='ocrx_word' id='word_1_73' title='bbox 1192 983 1292 1050; x_wconf 83' lang='grc' dir='ltr'><strong><em>τὴν</em></strong></span> <span class='ocrx_word' id='word_1_74' title='bbox 1331 981 1528 1051; x_wconf 81' lang='grc' dir='ltr'><strong><em>μεταξὺ</em></strong></span> <span class='ocrx_word' id='word_1_75' title='bbox 1568 989 1748 1034; x_wconf 86' lang='grc' dir='ltr'><strong><em>πᾶσαν</em></strong></span> <span class='ocrx_word' id='word_1_76' title='bbox 1783 981 1845 1034; x_wconf 76' lang='grc' dir='ltr'><strong><em>’ἐν</em></strong></span> 
     </span>
     <span class='ocr_line' id='line_1_11' title="bbox 98 1068 1845 1139; baseline 0.002 -20"><span class='ocrx_word' id='word_1_77' title='bbox 98 1087 140 1119; x_wconf 83' lang='grc' dir='ltr'><strong><em>ιο</em></strong></span> <span class='ocrx_word' id='word_1_78' title='bbox 163 1068 391 1138; x_wconf 80' lang='grc' dir='ltr'><strong><em>ἡμέραις</em></strong></span> <span class='ocrx_word' id='word_1_79' title='bbox 436 1069 490 1133; x_wconf 78' lang='grc' dir='ltr'><strong><em>ἓξ</em></strong></span> <span class='ocrx_word' id='word_1_80' title='bbox 540 1071 808 1134; x_wconf 83' lang='grc' dir='ltr'><strong><em>διελθεῐν;</em></strong></span> <span class='ocrx_word' id='word_1_81' title='bbox 872 1069 1018 1139; x_wconf 78' lang='grc'>&lt;26&gt;</span> <span class='ocrx_word' id='word_1_82' title='bbox 1055 1070 1089 1138; x_wconf 83' lang='grc' dir='ltr'><em>ἡ</em></span> <span class='ocrx_word' id='word_1_83' title='bbox 1137 1068 1198 1123; x_wconf 81' lang='grc' dir='ltr'><strong><em>δὲ</em></strong></span> <span class='ocrx_word' id='word_1_84' title='bbox 1236 1069 1361 1139; x_wconf 87' lang='grc' dir='ltr'><strong><em>περὶ</em></strong></span> <span class='ocrx_word' id='word_1_85' title='bbox 1399 1071 1500 1138; x_wconf 84' lang='grc' dir='ltr'><strong><em>τὴν</em></strong></span> <span class='ocrx_word' id='word_1_86' title='bbox 1539 1070 1845 1138; x_wconf 85' lang='grc' dir='ltr'><strong><em>ὀνομασίαν</em></strong></span> 
     </span>
     <span class='ocr_line' id='line_1_12' title="bbox 163 1158 1846 1227; baseline 0 -16"><span class='ocrx_word' id='word_1_87' title='bbox 163 1167 263 1211; x_wconf 88' lang='grc' dir='ltr'><strong><em>τοῦ</em></strong></span> <span class='ocrx_word' id='word_1_88' title='bbox 321 1158 598 1226; x_wconf 79' lang='grc' dir='ltr'><strong><em>σαββάτου</em></strong></span> <span class='ocrx_word' id='word_1_89' title='bbox 657 1160 999 1227; x_wconf 84' lang='grc' dir='ltr'><strong><em>γραμματικὴ</em></strong></span> <span class='ocrx_word' id='word_1_90' title='bbox 1053 1159 1343 1227; x_wconf 83' lang='grc' dir='ltr'><strong><em>μετάθεσις</em></strong></span> <span class='ocrx_word' id='word_1_91' title='bbox 1398 1158 1681 1211; x_wconf 90' lang='grc' dir='ltr'><strong><em>ἀναίδειαν</em></strong></span> <span class='ocrx_word' id='word_1_92' title='bbox 1736 1160 1846 1227; x_wconf 83' lang='grc' dir='ltr'><strong><em>ἔχει</em></strong></span> 
     </span>
     <span class='ocr_line' id='line_1_13' title="bbox 162 1245 1846 1317; baseline 0 -17"><span class='ocrx_word' id='word_1_93' title='bbox 162 1249 373 1315; x_wconf 85' lang='grc' dir='ltr'><strong><em>πολλὴν</em></strong></span> <span class='ocrx_word' id='word_1_94' title='bbox 413 1246 445 1315; x_wconf 76' lang='grc' dir='ltr'>ἢ</span> <span class='ocrx_word' id='word_1_95' title='bbox 486 1247 675 1316; x_wconf 86' lang='grc' dir='ltr'><strong><em>δεινὴν</em></strong></span> <span class='ocrx_word' id='word_1_96' title='bbox 712 1246 973 1316; x_wconf 90' lang='grc' dir='ltr'><strong><em>ἀμαθίαν.</em></strong></span> <span class='ocrx_word' id='word_1_97' title='bbox 1038 1248 1099 1300; x_wconf 89' lang='grc' dir='ltr'><strong><em>τὸ</em></strong></span> <span class='ocrx_word' id='word_1_98' title='bbox 1140 1248 1244 1317; x_wconf 83' lang='grc' dir='ltr'><strong><em>γὰρ</em></strong></span> <span class='ocrx_word' id='word_1_99' title='bbox 1285 1248 1473 1316; x_wconf 84' lang='grc' dir='ltr'><strong><em>σαββὼ</em></strong></span> <span class='ocrx_word' id='word_1_100' title='bbox 1512 1245 1603 1300; x_wconf 88' lang='grc' dir='ltr'><strong><em>καὶ</em></strong></span> <span class='ocrx_word' id='word_1_101' title='bbox 1642 1247 1846 1316; x_wconf 84' lang='grc' dir='ltr'><strong><em>σάββα-</em></strong></span> 
     </span>
     <span class='ocr_line' id='line_1_14' title="bbox 162 1333 1845 1405; baseline -0.001 -17"><span class='ocrx_word' id='word_1_102' title='bbox 162 1355 261 1388; x_wconf 89' lang='grc' dir='ltr'><strong><em>τον</em></strong></span> <span class='ocrx_word' id='word_1_103' title='bbox 316 1340 573 1388; x_wconf 82' lang='grc' dir='ltr'><strong><em>πλεῖστον</em></strong></span> <span class='ocrx_word' id='word_1_104' title='bbox 627 1335 880 1404; x_wconf 85' lang='grc' dir='ltr'><strong><em>ἀλλήλων</em></strong></span> <span class='ocrx_word' id='word_1_105' title='bbox 936 1334 1209 1405; x_wconf 83' lang='grc' dir='ltr'><strong><em>διαφέρει·</em></strong></span> <span class='ocrx_word' id='word_1_106' title='bbox 1273 1336 1430 1405; x_wconf 79' lang='grc'>&lt;27&gt;</span> <span class='ocrx_word' id='word_1_107' title='bbox 1476 1336 1538 1390; x_wconf 91' lang='grc' dir='ltr'><strong><em>τὸ</em></strong></span> <span class='ocrx_word' id='word_1_108' title='bbox 1589 1333 1690 1404; x_wconf 76' lang='grc' dir='ltr'><strong><em>μὲν</em></strong></span> <span class='ocrx_word' id='word_1_109' title='bbox 1741 1336 1845 1404; x_wconf 78' lang='grc' dir='ltr'><strong><em>γὰρ</em></strong></span> 
     </span>
     <span class='ocr_line' id='line_1_15' title="bbox 165 1422 1849 1493; baseline -0.001 -15"><span class='ocrx_word' id='word_1_110' title='bbox 165 1426 439 1493; x_wconf 87' lang='grc' dir='ltr'><strong><em>σάββατον</em></strong></span> <span class='ocrx_word' id='word_1_111' title='bbox 500 1425 635 1477; x_wconf 79' lang='grc' dir='ltr'><strong><em>κατὰ</em></strong></span> <span class='ocrx_word' id='word_1_112' title='bbox 696 1426 796 1492; x_wconf 86' lang='grc' dir='ltr'><strong><em>τὴν</em></strong></span> <span class='ocrx_word' id='word_1_113' title='bbox 850 1422 1138 1477; x_wconf 87' lang='grc' dir='ltr'><strong><em>Ἰουδαίων</em></strong></span> <span class='ocrx_word' id='word_1_114' title='bbox 1195 1425 1481 1478; x_wconf 84' lang='grc' dir='ltr'><strong><em>διάλεκτον</em></strong></span> <span class='ocrx_word' id='word_1_115' title='bbox 1541 1424 1849 1486; x_wconf 89' lang='grc' dir='ltr'><strong><em>ἀνάπαυσίς</em></strong></span> 
     </span>
     <span class='ocr_line' id='line_1_16' title="bbox 99 1510 1849 1582; baseline -0.002 -15"><span class='ocrx_word' id='word_1_116' title='bbox 99 1531 140 1561; x_wconf 82' lang='lat'><strong><em>15</em></strong></span> <span class='ocrx_word' id='word_1_117' title='bbox 165 1513 312 1567; x_wconf 77' lang='grc' dir='ltr'><strong><em>ἐστιν</em></strong></span> <span class='ocrx_word' id='word_1_118' title='bbox 352 1512 458 1566; x_wconf 87' lang='grc' dir='ltr'><strong><em>ἀπὸ</em></strong></span> <span class='ocrx_word' id='word_1_119' title='bbox 496 1514 701 1576; x_wconf 89' lang='grc' dir='ltr'><strong><em>παντὸς</em></strong></span> <span class='ocrx_word' id='word_1_120' title='bbox 740 1515 924 1582; x_wconf 81' lang='grc' dir='ltr'><strong><em>ἔργου,</em></strong></span> <span class='ocrx_word' id='word_1_121' title='bbox 962 1515 1022 1566; x_wconf 91' lang='grc' dir='ltr'><strong><em>τὸ</em></strong></span> <span class='ocrx_word' id='word_1_122' title='bbox 1065 1510 1126 1566; x_wconf 78' lang='grc' dir='ltr'><strong><em>δὲ</em></strong></span> <span class='ocrx_word' id='word_1_123' title='bbox 1167 1514 1381 1582; x_wconf 83' lang='grc' dir='ltr'><strong><em>σαββώ,</em></strong></span> <span class='ocrx_word' id='word_1_124' title='bbox 1420 1513 1672 1582; x_wconf 85' lang='grc' dir='ltr'><strong><em>καθάπερ</em></strong></span> <span class='ocrx_word' id='word_1_125' title='bbox 1713 1511 1849 1565; x_wconf 83' lang='grc' dir='ltr'><strong><em>ἐκεῖ-</em></strong></span> 
     </span>
     <span class='ocr_line' id='line_1_17' title="bbox 163 1597 1849 1672; baseline -0.002 -16"><span class='ocrx_word' id='word_1_126' title='bbox 163 1605 259 1665; x_wconf 88' lang='grc' dir='ltr'><strong><em>νός</em></strong></span> <span class='ocrx_word' id='word_1_127' title='bbox 305 1616 467 1672; x_wconf 91' lang='grc' dir='ltr'><strong><em>φησι,</em></strong></span> <span class='ocrx_word' id='word_1_128' title='bbox 515 1602 678 1670; x_wconf 82' lang='grc' dir='ltr'><strong><em>δηλοῖ</em></strong></span> <span class='ocrx_word' id='word_1_129' title='bbox 719 1597 845 1670; x_wconf 83' lang='grc' dir='ltr'><strong><em>παρ’</em></strong></span> <span class='ocrx_word' id='word_1_130' title='bbox 875 1603 1202 1669; x_wconf 76' lang='grc' dir='ltr'><strong><em>Αἰγυπτίοις</em></strong></span> <span class='ocrx_word' id='word_1_131' title='bbox 1238 1604 1299 1655; x_wconf 91' lang='grc' dir='ltr'><strong><em>τὸ</em></strong></span> <span class='ocrx_word' id='word_1_132' title='bbox 1339 1605 1626 1671; x_wconf 85' lang='grc' dir='ltr'><strong><em>βουβῶνος</em></strong></span> <span class='ocrx_word' id='word_1_133' title='bbox 1668 1602 1849 1669; x_wconf 78' lang='grc' dir='ltr'><strong><em>ἄλγος.</em></strong></span> 
     </span>
     <span class='ocr_line' id='line_1_18' title="bbox 276 1687 1906 1760; baseline 0.001 -18"><span class='ocrx_word' id='word_1_134' title='bbox 276 1691 419 1759; x_wconf 80' lang='grc'>&lt;28&gt;</span> <span class='ocrx_word' id='word_1_135' title='bbox 459 1698 684 1744; x_wconf 86' lang='grc' dir='ltr'><strong><em>τοιαῦτα</em></strong></span> <span class='ocrx_word' id='word_1_136' title='bbox 731 1689 831 1758; x_wconf 89' lang='grc' dir='ltr'><strong><em>μέν</em></strong></span> <span class='ocrx_word' id='word_1_137' title='bbox 870 1711 993 1743; x_wconf 90' lang='grc' dir='ltr'><strong><em>τινα</em></strong></span> <span class='ocrx_word' id='word_1_138' title='bbox 1040 1689 1165 1760; x_wconf 88' lang='grc' dir='ltr'><strong><em>περὶ</em></strong></span> <span class='ocrx_word' id='word_1_139' title='bbox 1204 1689 1477 1753; x_wconf 81' lang='grc' dir='ltr'><strong><em>Μωυσέος</em></strong></span> <span class='ocrx_word' id='word_1_140' title='bbox 1523 1688 1615 1743; x_wconf 90' lang='grc' dir='ltr'><strong><em>καὶ</em></strong></span> <span class='ocrx_word' id='word_1_141' title='bbox 1660 1697 1756 1758; x_wconf 84' lang='grc' dir='ltr'><strong><em>τῆς</em></strong></span> <span class='ocrx_word' id='word_1_142' title='bbox 1794 1687 1846 1753; x_wconf 82' lang='grc' dir='ltr'><strong><em>ἐξ</em></strong></span> <span class='ocrx_word' id='word_1_143' title='bbox 1880 1706 1906 1744; x_wconf 89' lang='lat'>3</span> 
     </span>
     <span class='ocr_line' id='line_1_19' title="bbox 164 1776 1852 1848; baseline -0.001 -16"><span class='ocrx_word' id='word_1_144' title='bbox 164 1781 451 1848; x_wconf 85' lang='grc' dir='ltr'><strong><em>Αἰγύπτου</em></strong></span> <span class='ocrx_word' id='word_1_145' title='bbox 498 1777 797 1848; x_wconf 83' lang='grc' dir='ltr'><strong><em>γενομένης</em></strong></span> <span class='ocrx_word' id='word_1_146' title='bbox 843 1789 957 1842; x_wconf 84' lang='grc' dir='ltr'><strong><em>τοῖς</em></strong></span> <span class='ocrx_word' id='word_1_147' title='bbox 996 1776 1288 1842; x_wconf 89' lang='grc' dir='ltr'><strong><em>Ἰουδαίοις</em></strong></span> <span class='ocrx_word' id='word_1_148' title='bbox 1327 1780 1643 1848; x_wconf 87' lang='grc' dir='ltr'><strong><em>ἀπαλλαγῆς</em></strong></span> <span class='ocrx_word' id='word_1_149' title='bbox 1681 1779 1710 1832; x_wconf 90' lang='grc' dir='ltr'>ὁ</span> <span class='ocrx_word' id='word_1_150' title='bbox 1750 1780 1852 1831; x_wconf 91' lang='grc' dir='ltr'><strong><em>Αἰ-</em></strong></span> 
     </span>
     <span class='ocr_line' id='line_1_20' title="bbox 164 1866 1851 1937; baseline -0.002 -14"><span class='ocrx_word' id='word_1_151' title='bbox 164 1870 391 1937; x_wconf 88' lang='grc' dir='ltr'><strong><em>γύπτιος</em></strong></span> <span class='ocrx_word' id='word_1_152' title='bbox 434 1866 638 1921; x_wconf 83' lang='grc' dir='ltr'><strong><em>Ἀπίων</em></strong></span> <span class='ocrx_word' id='word_1_153' title='bbox 679 1866 1084 1936; x_wconf 83' lang='grc' dir='ltr'><strong><em>ἐκαινοποίησε,</em></strong></span> <span class='ocrx_word' id='word_1_154' title='bbox 1129 1869 1275 1937; x_wconf 77' lang='grc' dir='ltr'><strong><em>παρὰ</em></strong></span> <span class='ocrx_word' id='word_1_155' title='bbox 1321 1871 1449 1930; x_wconf 91' lang='grc' dir='ltr'><strong><em>τοὺς</em></strong></span> <span class='ocrx_word' id='word_1_156' title='bbox 1497 1869 1698 1930; x_wconf 77' lang='grc' dir='ltr'><strong><em>ἄλλους</em></strong></span> <span class='ocrx_word' id='word_1_157' title='bbox 1737 1866 1851 1921; x_wconf 87' lang='grc' dir='ltr'><strong><em>ε’πι-</em></strong></span> 
     </span>
     <span class='ocr_line' id='line_1_21' title="bbox 97 1954 1852 2027; baseline -0.002 -16"><span class='ocrx_word' id='word_1_158' title='bbox 97 1974 140 2004; x_wconf 84' lang='lat'><strong><em>20</em></strong></span> <span class='ocrx_word' id='word_1_159' title='bbox 164 1961 383 2027; x_wconf 85' lang='grc' dir='ltr'><strong><em>νοήσας.</em></strong></span> <span class='ocrx_word' id='word_1_160' title='bbox 468 1955 558 2009; x_wconf 85' lang='grc' dir='ltr'><strong><em>καὶ</em></strong></span> <span class='ocrx_word' id='word_1_161' title='bbox 602 1960 661 2010; x_wconf 91' lang='grc' dir='ltr'><strong><em>τί</em></strong></span> <span class='ocrx_word' id='word_1_162' title='bbox 711 1977 771 2025; x_wconf 89' lang='grc' dir='ltr'><strong><em>γε</em></strong></span> <span class='ocrx_word' id='word_1_163' title='bbox 818 1958 906 2010; x_wconf 80' lang='grc' dir='ltr'><strong><em>δεῖ</em></strong></span> <span class='ocrx_word' id='word_1_164' title='bbox 946 1954 1249 2026; x_wconf 77' lang='grc' dir='ltr'><strong><em>θαυμάζειν</em></strong></span> <span class='ocrx_word' id='word_1_165' title='bbox 1298 1959 1370 2010; x_wconf 71' lang='grc' dir='ltr'><strong><em>εἰ·</em></strong></span> <span class='ocrx_word' id='word_1_166' title='bbox 1393 1955 1518 2027; x_wconf 86' lang='grc' dir='ltr'><strong><em>περὶ</em></strong></span> <span class='ocrx_word' id='word_1_167' title='bbox 1565 1965 1677 2009; x_wconf 82' lang='grc' dir='ltr'><strong><em>τῶν</em></strong></span> <span class='ocrx_word' id='word_1_168' title='bbox 1724 1955 1852 2025; x_wconf 83' lang='grc' dir='ltr'><strong><em>ἡμε-</em></strong></span> 
     </span>
     <span class='ocr_line' id='line_1_22' title="bbox 163 2041 1850 2117; baseline -0.001 -18"><span class='ocrx_word' id='word_1_169' title='bbox 163 2046 337 2117; x_wconf 88' lang='grc' dir='ltr'><strong><em>τέρων</em></strong></span> <span class='ocrx_word' id='word_1_170' title='bbox 394 2046 654 2109; x_wconf 81' lang='grc' dir='ltr'><strong><em>ψεύδεται</em></strong></span> <span class='ocrx_word' id='word_1_171' title='bbox 714 2048 1024 2114; x_wconf 89' lang='grc' dir='ltr'><strong><em>προγόνων,</em></strong></span> <span class='ocrx_word' id='word_1_172' title='bbox 1086 2045 1263 2114; x_wconf 89' lang='grc' dir='ltr'><strong><em>λέγων</em></strong></span> <span class='ocrx_word' id='word_1_173' title='bbox 1325 2045 1526 2108; x_wconf 85' lang='grc' dir='ltr'><strong><em>αὐτοὺς</em></strong></span> <span class='ocrx_word' id='word_1_174' title='bbox 1586 2041 1728 2097; x_wconf 81' lang='grc' dir='ltr'><strong><em>εἶναι</em></strong></span> <span class='ocrx_word' id='word_1_175' title='bbox 1788 2045 1850 2098; x_wconf 85' lang='grc' dir='ltr'><strong><em>τὸ</em></strong></span> 
     </span>
     <span class='ocr_line' id='line_1_23' title="bbox 164 2132 1851 2204; baseline -0.001 -16"><span class='ocrx_word' id='word_1_176' title='bbox 164 2135 323 2203; x_wconf 82' lang='grc' dir='ltr'><strong><em>γένος</em></strong></span> <span class='ocrx_word' id='word_1_177' title='bbox 362 2136 724 2203; x_wconf 87' lang='grc' dir='ltr'><strong><em>Αἰγυπτιόυς;</em></strong></span> <span class='ocrx_word' id='word_1_178' title='bbox 780 2134 938 2202; x_wconf 80' lang='grc'>&lt;29&gt;</span> <span class='ocrx_word' id='word_1_179' title='bbox 979 2134 1141 2197; x_wconf 88' lang='grc' dir='ltr'><strong><em>αὐτὸς</em></strong></span> <span class='ocrx_word' id='word_1_180' title='bbox 1188 2135 1293 2204; x_wconf 82' lang='grc' dir='ltr'><strong><em>γὰρ</em></strong></span> <span class='ocrx_word' id='word_1_181' title='bbox 1338 2132 1463 2203; x_wconf 89' lang='grc' dir='ltr'><strong><em>περὶ</em></strong></span> <span class='ocrx_word' id='word_1_182' title='bbox 1510 2134 1682 2187; x_wconf 85' lang='grc' dir='ltr'><strong><em>αὑτοῦ</em></strong></span> <span class='ocrx_word' id='word_1_183' title='bbox 1726 2133 1851 2186; x_wconf 89' lang='grc' dir='ltr'><strong><em>τού-</em></strong></span> 
     </span>
     <span class='ocr_line' id='line_1_24' title="bbox 163 2221 1851 2291; baseline -0.001 -15"><span class='ocrx_word' id='word_1_184' title='bbox 163 2226 390 2277; x_wconf 88' lang='grc' dir='ltr'><strong><em>ναντιόν</em></strong></span> <span class='ocrx_word' id='word_1_185' title='bbox 431 2223 715 2286; x_wconf 73' lang='grc' dir='ltr'><strong><em>ἐψεύδετο,</em></strong></span> <span class='ocrx_word' id='word_1_186' title='bbox 762 2221 854 2276; x_wconf 86' lang='grc' dir='ltr'><strong><em>καὶ</em></strong></span> <span class='ocrx_word' id='word_1_187' title='bbox 892 2221 1254 2291; x_wconf 83' lang='grc' dir='ltr'><strong><em>γεγενημένος</em></strong></span> <span class='ocrx_word' id='word_1_188' title='bbox 1300 2222 1361 2275; x_wconf 81' lang='grc' dir='ltr'><strong><em>ἐν</em></strong></span> <span class='ocrx_word' id='word_1_189' title='bbox 1401 2221 1579 2275; x_wconf 89' lang='grc' dir='ltr'><strong><em>Ὀάσει</em></strong></span> <span class='ocrx_word' id='word_1_190' title='bbox 1617 2230 1713 2291; x_wconf 83' lang='grc' dir='ltr'><strong><em>τῆς</em></strong></span> <span class='ocrx_word' id='word_1_191' title='bbox 1751 2223 1851 2274; x_wconf 85' lang='grc' dir='ltr'><strong><em>Αἰ-</em></strong></span> 
     </span>
     <span class='ocr_line' id='line_1_25' title="bbox 164 2310 1851 2380; baseline -0.002 -15"><span class='ocrx_word' id='word_1_192' title='bbox 164 2314 404 2380; x_wconf 88' lang='grc' dir='ltr'><strong><em>γύπτου,</em></strong></span> <span class='ocrx_word' id='word_1_193' title='bbox 450 2312 673 2365; x_wconf 90' lang='grc' dir='ltr'><strong><em>πάντων</em></strong></span> <span class='ocrx_word' id='word_1_194' title='bbox 714 2314 1033 2379; x_wconf 83' lang='grc' dir='ltr'><strong><em>Αἰγυπτίων</em></strong></span> <span class='ocrx_word' id='word_1_195' title='bbox 1079 2320 1293 2380; x_wconf 84' lang='grc' dir='ltr'><strong><em>πρῶτος</em></strong></span> <span class='ocrx_word' id='word_1_196' title='bbox 1339 2313 1436 2380; x_wconf 80' lang='grc' dir='ltr'><strong><em>ὤν,</em></strong></span> <span class='ocrx_word' id='word_1_197' title='bbox 1483 2311 1556 2374; x_wconf 82' lang='grc' dir='ltr'><strong><em>ὡς</em></strong></span> <span class='ocrx_word' id='word_1_198' title='bbox 1597 2310 1666 2363; x_wconf 76' lang='grc' dir='ltr'><strong><em>ἂν</em></strong></span> <span class='ocrx_word' id='word_1_199' title='bbox 1707 2315 1851 2363; x_wconf 79' lang='grc' dir='ltr'><strong><em>εἴποι</em></strong></span> 
     </span>
     <span class='ocr_line' id='line_1_26' title="bbox 98 2397 1853 2470; baseline -0.001 -16"><span class='ocrx_word' id='word_1_200' title='bbox 98 2417 139 2448; x_wconf 82' lang='lat'><strong><em>25</em></strong></span> <span class='ocrx_word' id='word_1_201' title='bbox 163 2421 271 2470; x_wconf 91' lang='grc' dir='ltr'><strong><em>τις,</em></strong></span> <span class='ocrx_word' id='word_1_202' title='bbox 313 2403 414 2469; x_wconf 83' lang='grc' dir='ltr'><strong><em>τὴν</em></strong></span> <span class='ocrx_word' id='word_1_203' title='bbox 455 2397 555 2470; x_wconf 77' lang='grc' dir='ltr'><strong><em>μὲν</em></strong></span> <span class='ocrx_word' id='word_1_204' title='bbox 595 2400 776 2468; x_wconf 81' lang='grc' dir='ltr'><strong><em>ἀληθῆ</em></strong></span> <span class='ocrx_word' id='word_1_205' title='bbox 817 2401 1054 2469; x_wconf 90' lang='grc' dir='ltr'><strong><em>πατρίδα</em></strong></span> <span class='ocrx_word' id='word_1_206' title='bbox 1091 2399 1182 2453; x_wconf 76' lang='grc' dir='ltr'><strong><em>καὶ</em></strong></span> <span class='ocrx_word' id='word_1_207' title='bbox 1222 2402 1283 2454; x_wconf 88' lang='grc' dir='ltr'><strong><em>τὸ</em></strong></span> <span class='ocrx_word' id='word_1_208' title='bbox 1322 2399 1482 2469; x_wconf 86' lang='grc' dir='ltr'><strong><em>γένος</em></strong></span> <span class='ocrx_word' id='word_1_209' title='bbox 1522 2399 1853 2468; x_wconf 76' lang='grc' dir='ltr'><strong><em>ἐξωμόσατο,</em></strong></span> 
     </span>
     <span class='ocr_line' id='line_1_27' title="bbox 160 2485 1855 2559; baseline -0.001 -17"><span class='ocrx_word' id='word_1_210' title='bbox 160 2487 548 2559; x_wconf 83' lang='grc' dir='ltr'><strong><em>Ἀλεξανδρεὺς</em></strong></span> <span class='ocrx_word' id='word_1_211' title='bbox 610 2487 660 2541; x_wconf 88' lang='grc' dir='ltr'><strong><em>δ’</em></strong></span> <span class='ocrx_word' id='word_1_212' title='bbox 707 2485 848 2542; x_wconf 83' lang='grc' dir='ltr'><strong><em>εἶναι</em></strong></span> <span class='ocrx_word' id='word_1_213' title='bbox 906 2490 1386 2558; x_wconf 81' lang='grc' dir='ltr'><strong><em>καταψευδόμενος</em></strong></span> <span class='ocrx_word' id='word_1_214' title='bbox 1439 2490 1701 2558; x_wconf 84' lang='grc' dir='ltr'><strong><em>ὁμολογεῖ</em></strong></span> <span class='ocrx_word' id='word_1_215' title='bbox 1749 2490 1855 2557; x_wconf 84' lang='grc' dir='ltr'><strong><em>τὴν</em></strong></span> 
     </span>
     <span class='ocr_line' id='line_1_28' title="bbox 166 2572 1859 2648; baseline -0.002 -17"><span class='ocrx_word' id='word_1_216' title='bbox 166 2581 480 2648; x_wconf 85' lang='grc' dir='ltr'><strong><em>μοχθηρίαν</em></strong></span> <span class='ocrx_word' id='word_1_217' title='bbox 517 2584 617 2630; x_wconf 87' lang='grc' dir='ltr'><strong><em>τοῦ</em></strong></span> <span class='ocrx_word' id='word_1_218' title='bbox 663 2575 875 2644; x_wconf 88' lang='grc' dir='ltr'><strong><em>γένους.</em></strong></span> <span class='ocrx_word' id='word_1_219' title='bbox 950 2575 1103 2645; x_wconf 85' lang='lat'>&lt;30&gt;</span> <span class='ocrx_word' id='word_1_220' title='bbox 1142 2579 1365 2640; x_wconf 80' lang='grc' dir='ltr'><strong><em>εἰκότως</em></strong></span> <span class='ocrx_word' id='word_1_221' title='bbox 1411 2572 1513 2631; x_wconf 82' lang='grc' dir='ltr'><strong><em>οὖν</em></strong></span> <span class='ocrx_word' id='word_1_222' title='bbox 1561 2576 1657 2639; x_wconf 86' lang='grc' dir='ltr'><strong><em>οὓς</em></strong></span> <span class='ocrx_word' id='word_1_223' title='bbox 1704 2585 1859 2645; x_wconf 77' lang='grc' dir='ltr'><strong><em>μισεῖ</em></strong></span> 
     </span>
     <span class='ocr_line' id='line_1_29' title="bbox 164 2656 1854 2736; baseline -0.001 -16"><span class='ocrx_word' id='word_1_224' title='bbox 164 2665 256 2720; x_wconf 84' lang='grc' dir='ltr'><strong><em>καὶ</em></strong></span> <span class='ocrx_word' id='word_1_225' title='bbox 295 2657 551 2736; x_wconf 88' lang='grc' dir='ltr'><strong><em>βούλεται</em></strong></span> <span class='ocrx_word' id='word_1_226' title='bbox 591 2666 887 2734; x_wconf 81' lang='grc' dir='ltr'><strong><em>λοιδορεῖν,</em></strong></span> <span class='ocrx_word' id='word_1_227' title='bbox 925 2666 1155 2728; x_wconf 87' lang='grc' dir='ltr'><strong><em>τούτους</em></strong></span> <span class='ocrx_word' id='word_1_228' title='bbox 1194 2669 1532 2734; x_wconf 86' lang='grc' dir='ltr'><strong><em>Αἰγυπτίους</em></strong></span> <span class='ocrx_word' id='word_1_229' title='bbox 1570 2656 1740 2718; x_wconf 79' lang='grc' dir='ltr'><strong><em>καλεῖ.</em></strong></span> <span class='ocrx_word' id='word_1_230' title='bbox 1804 2667 1854 2718; x_wconf 89' lang='grc' dir='ltr'><strong><em>εἰ</em></strong></span> 
     </span>
     <span class='ocr_line' id='line_1_30' title="bbox 142 2750 1854 2825; baseline -0.001 -17"><span class='ocrx_word' id='word_1_231' title='bbox 142 2757 239 2824; x_wconf 82' lang='grc' dir='ltr'><strong><em>μὴ</em></strong></span> <span class='ocrx_word' id='word_1_232' title='bbox 289 2757 392 2825; x_wconf 84' lang='grc' dir='ltr'><strong><em>γὰρ</em></strong></span> <span class='ocrx_word' id='word_1_233' title='bbox 439 2754 818 2824; x_wconf 85' lang='grc' dir='ltr'><strong><em>φαυλοτάτους</em></strong></span> <span class='ocrx_word' id='word_1_234' title='bbox 863 2750 1006 2807; x_wconf 82' lang='grc' dir='ltr'><strong><em>εἶναι</em></strong></span> <span class='ocrx_word' id='word_1_235' title='bbox 1053 2754 1299 2824; x_wconf 81' lang='grc' dir='ltr'><strong><em>ἐνόμιζεν</em></strong></span> <span class='ocrx_word' id='word_1_236' title='bbox 1338 2756 1704 2822; x_wconf 88' lang='grc' dir='ltr'><strong><em>Αἰγυπτίους,</em></strong></span> <span class='ocrx_word' id='word_1_237' title='bbox 1752 2754 1854 2807; x_wconf 83' lang='grc' dir='ltr'><strong><em>οὐκ</em></strong></span> 
     </span>
     <span class='ocr_line' id='line_1_31' title="bbox 38 2836 1854 2912; baseline -0.001 -16"><span class='ocrx_word' id='word_1_238' title='bbox 38 2836 46 2842; x_wconf 62' lang='grc'><strong>’</strong></span> <span class='ocrx_word' id='word_1_239' title='bbox 99 2866 142 2897; x_wconf 79' lang='lat'><strong><em>30</em></strong></span> <span class='ocrx_word' id='word_1_240' title='bbox 167 2844 235 2898; x_wconf 76' lang='grc' dir='ltr'><strong><em>ἂν</em></strong></span> <span class='ocrx_word' id='word_1_241' title='bbox 289 2851 389 2897; x_wconf 86' lang='grc' dir='ltr'><strong><em>τοῦ</em></strong></span> <span class='ocrx_word' id='word_1_242' title='bbox 442 2842 638 2912; x_wconf 90' lang='grc' dir='ltr'><strong><em>γένους</em></strong></span> <span class='ocrx_word' id='word_1_243' title='bbox 691 2843 853 2905; x_wconf 86' lang='grc' dir='ltr'><strong><em>αὐτὸς</em></strong></span> <span class='ocrx_word' id='word_1_244' title='bbox 903 2844 1122 2912; x_wconf 83' lang='grc' dir='ltr'><strong><em>ἔφυγεν,</em></strong></span> <span class='ocrx_word' id='word_1_245' title='bbox 1178 2844 1250 2906; x_wconf 87' lang='grc' dir='ltr'><strong><em>ὡς</em></strong></span> <span class='ocrx_word' id='word_1_246' title='bbox 1297 2844 1354 2897; x_wconf 79' lang='grc' dir='ltr'><strong><em>οἵ</em></strong></span> <span class='ocrx_word' id='word_1_247' title='bbox 1400 2862 1460 2911; x_wconf 90' lang='grc' dir='ltr'><strong><em>γε</em></strong></span> <span class='ocrx_word' id='word_1_248' title='bbox 1510 2847 1854 2912; x_wconf 89' lang='grc' dir='ltr'><strong><em>μεγαλοφρο-</em></strong></span> 
     </span>
     <span class='ocr_line' id='line_1_32' title="bbox 167 2929 1856 3002; baseline 0 -18"><span class='ocrx_word' id='word_1_249' title='bbox 167 2939 394 2994; x_wconf 88' lang='grc' dir='ltr'><strong><em>νοῦντες</em></strong></span> <span class='ocrx_word' id='word_1_250' title='bbox 451 2930 537 2985; x_wconf 84' lang='grc' dir='ltr'><strong><em>ἐπὶ</em></strong></span> <span class='ocrx_word' id='word_1_251' title='bbox 598 2941 716 2995; x_wconf 82' lang='grc' dir='ltr'><strong><em>ταῖς</em></strong></span> <span class='ocrx_word' id='word_1_252' title='bbox 771 2930 980 2984; x_wconf 79' lang='grc' dir='ltr'><strong><em>ἑαυτῶν</em></strong></span> <span class='ocrx_word' id='word_1_253' title='bbox 1041 2935 1261 3002; x_wconf 88' lang='grc' dir='ltr'><strong><em>πατρίσι</em></strong></span> <span class='ocrx_word' id='word_1_254' title='bbox 1323 2933 1689 3001; x_wconf 89' lang='grc' dir='ltr'><strong><em>σεμνύνονται</em></strong></span> <span class='ocrx_word' id='word_1_255' title='bbox 1751 2929 1856 3000; x_wconf 76' lang='grc' dir='ltr'><strong><em>μὲν</em></strong></span> 
     </span>
    </p>
   </div>
  </div>
 </body>
</html>
