2032 3128
244 88 317 139 ,18
675 88 799 130 ΤΟΤ
829 88 1168 131 ΙΟΤΔΑΙΚΟΤ
1196 87 1504 130 ΠΟΛΕΜΟΥ

248 240 350 283 πος
388 223 618 289 ἔκτιστο,
658 220 795 291 μέσῃ
833 222 1076 292 φάραγγι
1118 219 1492 291 διῃρημένων,
1539 221 1616 283 εἰς
1653 220 1723 288 ἣν
1764 219 1924 273 ἐπάλ-

247 313 407 378 ληλοι
437 308 739 378 κατέληγον
772 311 833 362 αἱ
859 312 1046 379 οἰκίαι,
1086 309 1267 377 <137>
1305 318 1415 361 τῶν
1448 305 1508 361 δὲ
1541 311 1731 377 λόφων
1763 309 1791 363 ὁ
1824 306 1954 378 μὲν·

247 399 348 466 τὴν
388 399 502 450 ἄνω
542 401 706 452 πόλιν
746 400 886 467 ἔχων
916 399 1255 467 ὑψηλότερός
1286 417 1342 450 τε
1372 401 1559 468 πολλῷ
1596 395 1687 450 καὶ
1724 399 1786 450 τὸ
1827 404 1926 465 μῆ-

247 506 341 548 κος
388 486 644 555 ἰθύτερος
688 483 779 555 ἧν·
821 488 912 540 διὰ
959 493 1098 554 γοῦν
1147 486 1248 554 τὴν
1299 485 1601 556 ὀχυρότητα
1651 487 1926 555 φρούριον

247 571 348 644 μὲν
395 574 504 627 ὑπὸ
542 575 798 627 Δαυίδου
836 581 935 627 τοῦ
981 572 1249 642 βασιλέως
1297 573 1538 626 ἐκαλεῖτο
1579 572 1776 644 (πατὴρ
1817 577 1928 626 Σο-
1974 592 1997 625 5

246 667 496 732 λομῶνος
532 659 603 731 ἦν
642 659 827 731 οὗτος,
866 670 965 716 τοῦ
1003 663 1224 732 πρώτου
1263 663 1362 715 τὸν
1407 662 1552 715 νεὼν
1597 658 1926 732 κτίσαντος),

244 751 279 820 ἡ
320 752 434 804 ἄνω
476 748 525 803 δ’
573 750 746 821 ἀγορὰ
783 751 921 820 πρὸς
964 749 1141 818 ἡμῶν·
1196 750 1386 820 ἅτερος
1426 744 1475 801 δ’
1522 749 1551 803 ὁ
1591 749 1930 817 καλούμενος

236 839 405 909 ’Ἁκρα
435 838 526 892 καὶ
565 839 665 907 τὴν
703 840 847 892 κάτω
880 842 1044 893 πόλιν
1075 839 1326 907 ὑφεστὼς
1357 838 1707 907 ἀμφίκυρτος.
1747 836 1928 906 <138>
2017 846 2019 849 ’

247 929 448 982 τούτου
500 925 548 979 δ’
603 927 831 994 ἀντικρὺ
877 930 1059 997 τρίτος
1095 923 1166 995 ἦν
1206 928 1405 996 λόφος,
1454 927 1834 995 ταπεινότερός
1871 944 1929 978 τε

246 1018 412 1086 φύσει
459 1023 554 1084 τῆς
584 1013 811 1085 ’Ἀκρας,
861 1014 951 1068 καὶ
997 1017 1223 1086 πλατείᾳ
1270 1015 1514 1085 φάραγγι
1555 1015 1930 1082 διειργόμενος
1954 1034 1999 1067 10

246 1105 385 1175 ἄλλῃ
439 1107 729 1174 πρότερον·
791 1103 973 1171 <139>
1027 1099 1193 1166 αὖθίς
1242 1122 1304 1171 γε
1355 1106 1495 1171 μήν,
1547 1100 1676 1155 καθ’
1732 1101 1830 1165 οὓς
1878 1102 1936 1155 015

241 1190 609 1262 Ἀσαμωναῖοι
643 1195 880 1261 χρόνους
911 1191 1254 1260 ἐβασίλευον,
1292 1193 1393 1259 τήν
1423 1210 1480 1243 τε
1511 1190 1769 1259 φάραγγα
1801 1192 1931 1260 ἔχω-

249 1297 370 1349 σαν,
412 1281 655 1345 συνάψαι
694 1282 1027 1349 βουλόμενοι
1066 1286 1140 1350 τῷ
1178 1280 1305 1352 ίερςό
1346 1280 1447 1347 τὴν
1485 1281 1669 1347 πόλιν,
1707 1277 1798 1331 καὶ
1837 1285 1933 1346 τῆς

230 1367 433 1441 ’Ἀκρας
470 1369 938 1439 κατεργασάμενοι
982 1370 1044 1422 τὸ
1091 1367 1236 1432 ὕψος
1275 1366 1540 1435 ἐποίησαν
1579 1366 1931 1437 χθαμαλώτε-

245 1478 374 1528 ρον,
421 1459 495 1521 ὡς
542 1459 937 1527 ὑπερφαίνοιτο
985 1455 1075 1510 καὶ
1123 1458 1290 1527 ταύτῃ
1329 1458 1390 1510 τὸ
1433 1456 1598 1526 ἱερόν.
1676 1455 1855 1523 <14Ο>
1897 1454 2000 1523 ἡ15

246 1544 308 1600 δὲ
346 1556 458 1600 τῶν
497 1554 811 1616 τυροποιῶν
849 1543 1368 1615 προσαγορευομένη
1409 1544 1651 1614 φάραγξ,
1690 1544 1760 1612 ἣν
1800 1546 1931 1613 ἔφα-

188 1672 190 1674 ·
245 1655 347 1704 μεν
387 1637 484 1688 τόν
523 1655 580 1688 τε
619 1642 714 1703 τῆς
752 1636 866 1688 ἄνω
907 1637 1115 1697 πόλεως
1153 1632 1243 1687 καὶ
1282 1636 1381 1688 τὸν
1419 1634 1563 1687 κάτω
1603 1635 1782 1701 λόφον
1814 1634 1932 1686 δια-

246 1722 510 1792 στέλλειν,
549 1724 781 1791 καθήκει
822 1721 978 1793 μέχρι
1010 1722 1262 1791 Σιλωάμ·
1303 1722 1447 1775 οὕτω
1481 1723 1585 1793 γὰρ
1619 1723 1719 1790 τὴν
1750 1723 1933 1791 πηγὴν

244 1813 504 1881 γλυκεῖάν
544 1831 599 1865 τε
640 1810 731 1864 καὶ
769 1812 994 1879 πολλὴν,
1024 1807 1199 1865 οὖσαν
1233 1810 1550 1880 ἐκαλοῦμεν.
1591 1811 1773 1880 <141>
1806 1810 1932 1875 ἔξω-

242 1907 349 1954 θεν
405 1897 454 1954 δ’
517 1901 575 1954 οἱ
623 1908 718 1969 τῆς
770 1903 981 1963 πόλεως
1028 1900 1130 1953 δύο
1186 1901 1350 1970 λόφοι
1395 1901 1648 1969 βαθείαις
1693 1899 1931 1970 φάραγξι
1955 1921 2000 1953 20

243 1992 602 2060 περιείχοντο,
643 1987 730 2041 καὶ
774 1990 865 2041 διὰ
904 1991 1033 2052 τοὺς
1072 1986 1415 2059 ἑκατέρωθεν
1454 1991 1733 2059 κρημνοὺς
1763 2001 1932 2058 προσ-

246 2080 365 2131 ιτὸν
405 2077 725 2146 οὐδαμόθεν
764 2073 847 2146 ἦν.

357 2165 541 2234 <142>
588 2175 699 2218 τῶν
748 2163 809 2218 δὲ
854 2175 1023 2235 τριῶν
1071 2176 1265 2236 τειχῶν
1311 2168 1373 2219 τὸ
1421 2163 1523 2235 μὲν
1570 2165 1800 2236 ἀρχαῖον
1841 2166 1933 2218 διά

244 2274 303 2307 τε
342 2255 437 2316 τὰς
474 2254 762 2324 φάραγγας
799 2252 891 2307 καὶ
930 2256 1029 2308 τὸν
1067 2252 1207 2324 ὑπὲρ
1247 2255 1462 2308 τούτων
1501 2257 1696 2324 λόφον,
1738 2252 1822 2322 ἐφ’
1864 2250 1932 2307 οὗ

243 2344 661 2411 κατεσκεύαστο,
702 2343 1024 2397 δυσάλωτον
1063 2339 1154 2412 ἦν’
1202 2343 1386 2413 <143>
1424 2344 1561 2413 πρὸς
1602 2340 1662 2395 δὲ
1700 2350 1774 2413 τςό
1806 2347 1934 2395 πλε·
1959 2362 2002 2396 25

244 2434 571 2501 ονεκτήματι
610 2439 709 2484 τοῦ
756 2433 928 2485 τόπου
968 2431 1060 2485 καὶ
1099 2440 1374 2503 καρτερῶς
1415 2431 1739 2500 ἐδεδόμητο,
1781 2434 1934 2484 Δαυ-

244 2521 371 2573 ίδου
417 2539 476 2573 τε
521 2517 613 2572 καὶ
660 2524 1029 2589 Σολομῶνος,
1083 2523 1162 2573 ἔτι
1210 2517 1271 2574 δὲ
1317 2529 1427 2573 τῶν
1475 2520 1675 2588 μεταξὺ
1721 2521 1935 2574 τούτων

244 2607 521 2676 βασιλέων
559 2607 1041 2678 φιλοτιμηθέντων
1081 2607 1206 2680 περὶ
1245 2605 1500 2679 τοῦργον.
1554 2608 1734 2677 <144>
1773 2607 1935 2678 ἀρχό-

244 2715 414 2764 μενον
455 2693 516 2749 δὲ
562 2698 698 2750 κατὰ
743 2700 955 2767 βορρᾶν
1002 2698 1107 2751 ἀπὸ
1155 2707 1255 2752 τοῦ
1288 2696 1535 2751 Ἱππικοῦ
1585 2696 1935 2766 καλουμένου

242 2785 492 2854 πύργου,
553 2784 644 2838 καὶ
707 2787 986 2839 διατεῖνον
1042 2784 1129 2839 ἐπὶ
1182 2787 1280 2840 τὸν
1336 2786 1552 2847 Ξυστὸν
1615 2788 1935 2854 λεγόμενον,
1959 2804 2023 2837 30·

239 2873 431 2925 ἔπειτα
461 2880 525 2943 τῇ
559 2876 733 2944 βουλῇ
767 2874 1067 2944 συνάπτον,
1109 2873 1197 2928 ἐπὶ
1229 2875 1330 2943 τὴν
1363 2873 1618 2946 ἑσπέριον
1651 2883 1751 2928 τοῦ
1784 2875 1936 2943 ἱεροῦ
