2032 3128
694 134 796 175 ΕΙΣ
826 133 1265 176 ΜΑΚΚΑΒΑΙΟΤΣ
1714 129 1819 181 317

144 267 567 334 ὑπολειπόμενοι
600 265 775 335 [τοὺς]
812 265 1288 334 καταικιζομένους
1325 265 1562 334 ὁρῶντες
1598 262 1690 316 καὶ
1730 266 1821 333 με’-

144 375 233 423 χρι
271 354 522 407 θανάτου
562 354 1050 423 βασανιζομένους,
1096 353 1320 423 προσέτι
1361 351 1422 406 δὲ
1467 350 1559 406 καὶ
1598 350 1686 405 ἐπὶ
1724 353 1822 404 τὸν

145 444 401 511 αἰκισμὸν
441 442 857 511 ἐποτρύνοντες,
906 443 979 504 ὡς
1021 444 1093 511 μὴ
1134 445 1309 510 μόνον
1348 451 1460 494 τῶν
1497 441 1823 509 ἀλγηδόνων

143 538 546 599 περιφρονῆσαι
594 531 815 597 αὐτούς,
863 530 1002 583 ἀλλὰ
1048 529 1139 582 καὶ
1182 540 1291 583 τῶν
1329 537 1424 598 τῆς
1462 530 1825 598 φιλαδελφίας

101 639 121 671 5
144 623 343 671 παθῶν
382 627 661 687 κρατῆσαι.

254 707 434 774 <165>
498 703 540 759 ὦ
603 706 876 774 βασιλέων
937 705 1191 775 λογισμοὶ
1259 707 1674 775 βασιλικώτεροι
1734 703 1825 758 καὶ

146 794 459 862 ἐλευθέρων
494 794 938 863 ἑλευθερώτεροι.
1003 795 1045 847 ὣ
1080 796 1228 863 ἱερᾶς
1264 792 1354 846 καὶ
1395 793 1663 863 ἁρμονίου
1702 792 1826 858 περὶ

145 891 238 952 τῆς
283 883 563 951 εὐσεβείας
608 892 720 935 τῶν
765 881 896 936 ἑπτὰ
944 882 1201 951 ἀδελφῶν
1241 886 1577 951 συμφωνίας.
1645 880 1830 944 οὐδεὶς

147 970 201 1034 ἐξ
256 971 439 1023 αὐτῶν
496 970 820 1039 ἐδειλιάσεν,
875 967 1007 1023 οὐδὲ
1062 969 1150 1023 ἐπὶ
1204 972 1301 1023 τὸν
1345 970 1595 1023 θάνατον
1641 969 1830 1022 ἐλθεῖν

82 1080 124 1112 10
148 1061 414 1128 ὤκνησεν,
453 1059 592 1112 ἀλλὰ
631 1060 828 1121 πάντες
868 1061 1050 1128 ὥσπερ
1088 1058 1170 1112 ἐπ’
1204 1059 1512 1122 ἀθανασίας
1546 1058 1682 1112 ὁδὸν
1713 1057 1831 1126 τρέ-

147 1167 337 1217 χοντες
383 1146 471 1200 ἐπὶ
517 1150 615 1201 τὸν
657 1149 747 1200 διὰ
795 1157 906 1200 τῶν
945 1148 1205 1217 βασάνων
1248 1148 1496 1200 θάνατον
1535 1147 1830 1200 ἔσπευδον·

147 1236 328 1304 <166>
366 1237 619 1305 καθάπερ
667 1238 771 1306 γὰρ
819 1246 994 1306 χεῖρες
1036 1235 1127 1289 καὶ
1166 1238 1332 1299 πόδες
1371 1237 1681 1305 συμφώνως
1717 1244 1832 1297 τοῖς

147 1332 242 1392 τῆς
281 1332 463 1394 ψυχῆς
500 1323 820 1394 ἀφηγήμασι
859 1333 1172 1392 κινοῦνται,
1219 1325 1394 1386 οὕτως
1432 1325 1491 1377 οἱ
1533 1322 1670 1392 ἱεροὶ
1717 1326 1831 1391 μεί-

150 1432 310 1478 ρακες
350 1412 550 1465 ἐκεῖνοι
590 1413 664 1475 ὡς
700 1413 809 1466 ὑπὸ
848 1421 1026 1483 ψυχῆς
1064 1421 1191 1481 μιᾶς
1226 1422 1321 1482 τῆς
1359 1412 1645 1466 ἀθανάτου
1680 1411 1831 1464 εὐσε-

87 1521 128 1554 15
150 1503 302 1569 βειάς
347 1502 666 1569 κινούμενοι
711 1503 849 1569 πρὸς
893 1503 991 1554 τὸν
1030 1499 1169 1570 ὑπὲρ
1217 1501 1384 1569 αὐτῆς
1430 1501 1831 1569 συνεφώνησαν

149 1589 413 1641 θάνατον.
464 1589 646 1658 <167>
678 1589 719 1642 ὢ
752 1593 1022 1657 παναγίας
1053 1591 1369 1658 συμφώνων
1395 1589 1652 1658 ἀδελφῶν
1676 1586 1834 1656 ἑβδο-

150 1677 346 1744 μάδος·
386 1678 638 1745 καθάπερ
670 1679 774 1747 γὰρ
805 1677 937 1730 ἑπτὰ
967 1686 1063 1745 τῆς
1093 1681 1452 1746 κοσμοποιιάς
1482 1676 1678 1747 ἡμέραι
1709 1675 1834 1743 περὶ

148 1766 250 1833 τὴν
282 1764 588 1834 εὐσέβειαν,
629 1766 789 1838 οὕτω,
811 1770 936 1834 περὶ
975 1767 1075 1834 τὴν
1109 1765 1390 1835 ἑβδομάδα
1427 1766 1751 1835 χορεύοντες
1780 1765 1839 1817 oc

148 1856 400 1921 μείρακες
454 1852 742 1922 ἐκύκλουν,
803 1855 902 1907 τὸν
955 1864 1066 1907 τῶν
1121 1855 1381 1923 βασάνων
1438 1857 1619 1923 φόβον
1674 1873 1835 1906 κατα-

10 1944 15 1946 ’
83 1962 126 1993 20
149 1942 387 2003 λύοντες.
465 1950 571 1995 νῦν
618 1941 772 2010 ἡμεῖς
820 1941 1116 2004 ἀκούοντες
1164 1934 1265 2009 τὴν
1310 1946 1511 2005 θλῐψιν
1557 1951 1669 1995 τῶν
1714 1961 1839 1994 νεα-

148 2038 287 2082 νιῶν
319 2028 548 2082 ἐκείνων
579 2033 904 2099 φρίττομεν·
945 2029 1126 2097 <168>
1167 2033 1225 2083 οἳ
1261 2027 1321 2083 δὲ
1361 2030 1429 2083 οὐ
1468 2033 1642 2099 μόνον
1675 2029 1837 2083 ἀκού-

150 2137 305 2181 οντες
350 2120 452 2187 τὴν
494 2123 712 2185 θλῖψιν,
762 2119 900 2171 ἀλλὰ
946 2117 1038 2171 καὶ
1090 2119 1326 2188 ὁρῶντες
1371 2120 1468 2172 τὸν
1512 2122 1840 2189 παραχρῆμα

149 2214 244 2273 τῆς
292 2206 518 2276 ἀπειλῆς
570 2210 741 2275 λόγον
789 2207 1203 2275 ἐμακαρίζοντο,
1259 2209 1671 2276 θαυμαζόμενοι
1725 2217 1840 2270 πῶς

149 2294 449 2364 πάσχοντες
504 2294 918 2364 ἐνεκαρτέρουν,
978 2294 1068 2348 καὶ
1126 2304 1288 2349 τοῦτο
1343 2304 1460 2358 ταῖς
1513 2296 1606 2348 διά
1666 2297 1840 2363 πυρὸς

84 2402 127 2434 25
151 2383 402 2452 ὀδύναις,
451 2379 530 2436 ὧν
577 2387 634 2436 τί
679 2383 749 2436 ἂν
797 2382 1014 2452 γένοιτο
1061 2382 1481 2453 ἐπαλγέστερον;
1540 2383 1687 2447 ὀξεῖα
1734 2385 1838 2451 γὰρ

149 2470 240 2524 καὶ
289 2474 562 2542 σύντομος
603 2473 637 2541 ἡ
677 2481 777 2526 τοῦ
822 2474 999 2542 πυρὸς
1037 2468 1176 2526 οὖσα
1218 2473 1451 2541 δύναμις
1488 2471 1692 2542 ταχέως
1731 2471 1839 2525 διέ-

151 2564 282 2614 λυσε
323 2562 388 2613 τά
429 2563 652 2630 σώματα
692 2561 889 2614 αὐτῶν.

263 2650 446 2718 <169>
491 2648 583 2703 καὶ
630 2650 703 2719 μὴ
752 2651 1076 2719 θαυμαστὸν
1123 2650 1351 2718 ἡγεῖσθε
1399 2651 1452 2702 εἰ
1502 2649 1531 2703 ὁ
1580 2650 1842 2718 λογισμὸς

139 2739 539 2808 -περιεκράτησε
587 2748 700 2792 τῶν
746 2738 970 2808 ἀνδρῶν
1019 2737 1246 2791 ἐκείνων
1293 2738 1353 2792 ἐν
1401 2747 1518 2801 ταῖς
1563 2738 1842 2806 βασάνοις,

85 2843 128 2875 30
153 2827 294 2880 ὅπου
344 2846 406 2894 γε
460 2825 551 2880 καὶ
606 2828 867 2895 γυναικὸς
915 2834 1049 2889 νοῦς
1098 2825 1604 2895 πολυτροπωτέρων
1650 2826 1843 2895 ὑπερε-

151 2918 433 2985 φρόνησεν
473 2915 829 2984 ἀλγηδόνων·
877 2915 1059 2985 <170>
1105 2916 1137 2984 ἡ
1185 2917 1360 2984 μήτηρ
1408 2915 1512 2983 γὰρ
1559 2924 1670 2967 τῶν
1711 2912 1842 2968 ἑπτα

1861 716 1915 754 14
