2032 3128
750 93 960 136 ΛΟΓΟΣ
993 93 1194 135 ΕΚΤΟΣ
1737 91 1766 142 7
1775 91 1803 141 7

128 226 348 289 ἐλπίδος
385 226 746 296 ὑπέστρεψαν.
809 227 954 295 <17>
992 235 1211 296 πρῶτον
1251 223 1352 295 μὲν
1383 226 1486 296 γὰρ
1520 223 1638 279 οὐδ’
1677 224 1807 294 ὁμο-

128 324 280 368 νοεῖν
319 314 352 382 ἡ
394 313 581 377 σκέψις
621 314 804 367 αὐτῶν
846 314 1026 368 ἐδόκει
1064 315 1198 367 κατὰ
1238 313 1402 382 μέρος
1445 313 1808 383 ἐκπηδώντων

128 402 230 455 κάκ
270 402 674 471 διαλειμμάτων
720 401 812 455 καὶ
858 401 1275 472 μεμελλημένως
1314 403 1446 471 μετὰ
1486 401 1670 469 δέους,
1715 421 1810 454 κα-

127 492 306 543 θόλου
360 488 404 543 τ’
461 492 661 559 εἰπεῖν,
716 491 818 544 οὐκ
864 489 1194 553 Ἰουδαϊκῶς.
1271 491 1335 543 τὰ
1390 491 1493 560 γὰρ
1550 492 1664 543 ἴδια
1709 497 1809 542 τοῦ

85 600 106 632 5
130 581 334 641 ἔθνους
387 576 652 649 ὑστέρητο
706 580 843 649 ἅμα,
897 582 1070 648 τόλμα
1119 581 1211 632 καὶ
1262 578 1402 649 ὁρμὴ
1456 577 1547 631 καὶ
1607 580 1810 648 δρόμος

130 667 270 736 ὁμοῦ
331 667 554 720 πάντων
614 665 706 719 καὶ
759 669 820 720 τὸ
886 664 1024 736 μηδὲ
1078 670 1370 729 πταίοντας
1430 665 1810 735 ἀναστρέφειν.

129 755 274 823 <18>
314 754 644 824 ἀτονώτεροι
684 754 733 807 δ’
774 754 984 808 ἑαυτῶν
1013 757 1383 826 προελθόντες
1413 752 1503 807 καὶ
1534 756 1665 816 τοὺς
1686 751 1812 805 Ῥω-

129 846 326 912 μαίους
371 840 541 913 εὗρον
588 842 1060 913 ἐρρωμενέστερον
1106 851 1206 897 τοῦ
1254 844 1538 911 συνήθους
1582 860 1813 908 παρατε-

128 930 445 1000 ταγμένους.
523 931 668 999 <19>
716 941 830 995 τοῖς
868 931 970 1001 μέν
1009 951 1070 1000 γε
1111 932 1325 1000 σώμασι
1363 929 1453 984 καὶ
1490 939 1608 994 ταῖς
1644 947 1814 983 πανο-

64 1040 109 1073 10
130 1023 313 1082 πλίαις
360 1020 536 1083 οὕτως
582 1019 889 1092 ἐφράξαντο
936 1022 1002 1073 τὰ
1048 1021 1270 1091 χώματα
1307 1020 1589 1073 πάντοθεν
1630 1019 1703 1081 ὡς
1739 1026 1813 1090 τῷ

127 1107 260 1178 πυρὶ
300 1109 629 1178 μηδαμόθεν
667 1114 986 1163 καταλιπεῖν
1024 1109 1357 1177 παράδυσιν,
1396 1109 1497 1176 τὴν
1537 1104 1598 1160 δὲ
1631 1107 1815 1177 ψυχὴν

128 1195 407 1250 ἐτόνωσαν
453 1196 679 1260 ἕκαστος
725 1198 799 1266 μὴ
849 1202 1288 1267 μετακινηθῆναι
1332 1204 1426 1266 τῆς
1474 1194 1672 1259 τάξεως
1709 1195 1814 1263 πρὸ

126 1285 402 1338 θανάτου·
475 1287 621 1355 <20>
667 1287 804 1356 πρὸς
849 1287 954 1355 γὰρ
1002 1295 1078 1359 τῷ
1126 1286 1302 1349 πάσας
1349 1284 1532 1338 αὐτῶν
1576 1285 1817 1337 ὑποκόπ-
1861 1287 1869 1300 ’

126 1379 323 1426 τεσθαι
373 1375 468 1437 τὰς
519 1373 769 1443 ἐλπίδας,
825 1377 876 1428 εἰ
927 1374 1152 1428 κάκεῖνα
1207 1375 1573 1444 καταφλεγείη
1627 1368 1818 1442 τᾶργα,

62 1482 105 1515 15
131 1463 283 1531 δεινὴ
330 1465 460 1525 τοὺς
509 1464 842 1532 στρατιώτας
887 1460 1034 1533 εἶχεν
1074 1465 1269 1531 αἰδώς,
1320 1465 1372 1515 εἰ
1407 1463 1585 1515 πάντα
1623 1463 1818 1532 κρατή-

129 1565 284 1604 σειαν
323 1554 635 1620 πανουργία
675 1549 776 1620 μὲν
816 1550 1037 1621 ἀρετῆς,
1077 1551 1313 1605 ἀπόνοια
1353 1549 1401 1604 δ’
1442 1549 1648 1618 ὅπλων,
1686 1553 1821 1618 πλῆ-

127 1644 233 1702 θος
280 1638 327 1692 δ’
376 1638 679 1709 ἐμπειρίας,
719 1638 985 1694 Ἰουδαῖοι
1031 1637 1093 1693 δὲ
1133 1638 1426 1709 Ῥωμαίων.
1504 1639 1664 1708 <21>
1711 1639 1821 1711 ἅμα

131 1727 197 1781 δέ
231 1749 284 1780 τι
321 1726 413 1781 καὶ
461 1728 760 1798 τάφετήρια
801 1731 1065 1798 συνήργει
1103 1738 1214 1783 τῶν
1252 1729 1666 1800 προπηδώντων
1706 1727 1823 1797 ἐφι-

128 1818 432 1886 κνούμενα,
484 1816 578 1870 καὶ,
631 1819 815 1871 πεσών
869 1837 951 1880 τις
1004 1826 1078 1890 τςό
1131 1813 1255 1887 μεθ’
1304 1815 1502 1871 ἑαυτὸν
1556 1815 1824 1886 ἐμπόδιον

11 1941 16 1945 ·
64 1927 108 1959 20
129 1901 217 1974 ἦν,
258 1906 287 1958 ὅ
326 1925 383 1959 τε
431 1907 695 1969 κίνδυνος
739 1914 841 1960 τοῦ
891 1909 1081 1975 πρόσω
1121 1916 1324 1976 χωρεῖν
1363 1905 1535 1959 ἐποίει
1574 1909 1824 1974 μαλακω-

128 1992 336 2064 τέρους.
366 1989 369 1991 ’
405 1994 551 2064 <22>
595 2004 707 2048 τῶν
747 1993 799 2047 δ’
836 1993 1108 2063 ἐνδοτέρω
1149 1994 1346 2064 βέλους
1383 1994 1824 2065 ὑποδραμόντων

131 2086 188 2136 οἳ
231 2082 358 2153 μέν,
404 2081 538 2153 πρὶν
583 2085 661 2146 εἰς
699 2092 884 2153 χεῖρας
924 2083 1140 2153 ἐλθεῖν,
1186 2084 1288 2153 τὴν
1335 2081 1591 2147 εὐταξίαν
1625 2079 1721 2135 ’καὶ
1762 2082 1824 2135 τὸ

130 2172 400 2240 πύκνωμα
447 2181 558 2224 τῶν
605 2175 885 2241 πολεμίων
931 2171 1394 2241 καταπλαγέντες,
1441 2174 1500 2225 οἳ
1535 2167 1598 2223 δὲ
1634 2173 1828 2224 νυττό-

131 2279 288 2328 μενοι
326 2269 442 2322 τοῖς
481 2259 698 2323 ξυστοῖς
730 2259 1194 2331 ἐπαλινδρόμουν.
1243 2258 1337 2312 καὶ
1368 2258 1523 2321 τέλος
1554 2259 1830 2327 ἀλλήλους

65 2369 108 2402 25
131 2351 443 2412 κακίζοντες
483 2349 560 2410 εἰς
599 2349 812 2402 δειλίαν
852 2347 1173 2419 ἀνεχώρουν
1212 2349 1495 2420 ἄπρακτοι.
1551 2349 1830 2419 νουμηνία

131 2435 399 2505 Πανέμου
439 2438 612 2506 μηνὸς
651 2437 684 2504 ἡ
727 2436 1061 2507 ἐπιχείρησις
1099 2433 1184 2506 ἦν.

243 2525 390 2594 <23>
437 2524 917 2596 ἀναχωρησάντων
945 2522 1026 2589 >δὲ
1072 2535 1186 2579 τῶν
1218 2524 1508 2582 Ἰουδαίων
1547 2532 1831 2596 προσῆγον

133 2615 192 2667 οἱ
217 2612 474 2683 Ῥωμαῖοι
511 2614 607 2677 τὰς
647 2612 948 2684 ἑλεπόλεις,
996 2617 1332 2684 βαλλόμενοι
1370 2612 1592 2684 πέτραις
1630 2612 1674 2666 τ’
1723 2612 1829 2666 ἀπὸ

133 2709 227 2777 τῆς
256 2701 557 2765 Ἀντωνίας
603 2701 693 2756 καὶ
732 2701 868 2771 πυρὶ
913 2701 1006 2756 καὶ
1045 2704 1255 2777 σιδήρῳ
1294 2701 1386 2756 καὶ
1423 2700 1588 2756 παντὶ
1626 2709 1701 2774 τῷ
1742 2722 1834 2772 χο-

65 2811 109 2844 30
133 2789 458 2864 ρηγουμένῳ
504 2790 800 2855 Ἰουδαίοις
846 2791 953 2845 ὑπὸ
1002 2799 1097 2861 τῆς
1145 2791 1386 2861 ἀνάγκης
1439 2789 1611 2860 βέλει·
1689 2791 1835 2860 <24>

131 2880 325 2949 καίπερ
365 2880 472 2950 γὰρ
513 2882 656 2934 πολὺ
697 2887 771 2953 τῷ
810 2883 977 2950 τείχει
1017 2883 1348 2944 πεποιθότες
1386 2878 1479 2933 καὶ
1517 2888 1630 2933 τῶν
1671 2879 1836 2949 ὀργά-
