2032 3128
80 1748 135 1787 23

173 95 280 147 222
782 97 942 138 ΚΑΤΑ
972 95 1251 138 ΑΠῙΩΝΟΣ

172 239 287 292 τοῖς
327 228 635 299 εἰρημένοις
672 232 896 298 χρόνοις
938 230 1070 298 μήτε
1111 233 1380 300 γεωργίας
1417 231 1688 284 ἅπτεσθαι
1730 233 1863 300 μήτε

172 319 341 386 ἄλλης
380 317 759 386 ἐπιμελεῖσθαι
799 321 1149 386 λειτουργίας
1181 319 1464 388 μηδεμιᾶς,
1507 317 1621 373 ἀλλ’
1657 318 1718 372 ἐν
1749 330 1863 383 τοῖς

174 408 341 474 ἱεροῖς
381 405 720 468 ἐκτετακότες
751 407 846 469 τὰς
885 415 1070 476 χεῖρας
1099 407 1363 476 εὔχεσθαι
1394 406 1552 478 μέχρι
1583 415 1678 476 τῆς
1709 405 1862 461 ἑσπέ-

173 515 296 565 ρας,
346 494 527 563 <210>
573 496 844 557 εἰσιόντος
889 496 967 557 εἰς
1011 495 1113 564 τὴν
1160 497 1325 548 πόλιν
1364 499 1716 565 Πτολεμαίου
1762 504 1862 550 τοῦ

172 583 367 650 Λάγου
421 583 554 651 μετὰ
601 590 697 652 τῆς
745 582 1056 651 δυνάμεως,
1105 581 1196 636 καὶ
1236 592 1346 636 τῶν
1385 583 1699 652 ἀνθρώπων
1740 583 1862 637 ἀντὶ
1908 605 1929 638 5

171 678 270 724 τοῦ
310 671 610 739 φυλάττειν
650 673 751 740 τὴν
789 674 953 724 πόλιν
985 672 1401 742 διατηρούντων
1440 673 1540 741 τὴν
1575 673 1790 741 ἄνοιαν,
1828 673 1861 741 ἡ

172 756 274 827 μὲν
312 758 506 827 πατρὶς
543 761 757 829 εἰλήφει
797 760 1070 827 δεσπότην
1108 762 1324 829 πικρόν,
1367 760 1395 814 ὁ
1437 756 1497 812 δὲ
1535 763 1707 829 νόμος
1747 760 1864 830 ἐξη-

172 846 381 916 λέγχθη
429 852 651 916 φαῦλον
691 849 832 917 ’ἔχων
872 847 1121 916 ἐθισμόν.
1200 848 1382 917 <211>
1428 850 1489 902 τὸ
1538 845 1599 901 δὲ
1645 850 1864 918 συμβὰν

171 937 318 1004 πλὴν
351 936 577 989 ἐκείνων
616 939 745 999 τοὺς
784 938 988 998 ἄλλους
1025 936 1235 999 πάντας
1273 938 1527 1006 δεδίδαχε
1565 945 1864 1007 τηνικαῦτα

171 1034 372 1093 φυγεῖν
413 1024 645 1077 ἐνύπνια
691 1022 783 1077 καὶ
822 1026 923 1093 τὴν
961 1022 1087 1094 περὶ
1126 1032 1226 1078 τοῦ
1272 1027 1449 1094 νόμου
1487 1024 1862 1095 παραδεδομέ-
1889 1049 1931 1080 10

171 1133 276 1181 νην
325 1112 640 1181 ὑπόνοιαν,’
677 1111 819 1180 ἡνίκ’
862 1112 931 1165 ἂν
978 1118 1094 1175 τοῖς
1148 1111 1527 1182 ἀνθρωπίνοις
1581 1118 1866 1183 λογισμοῖς
1928 1111 1931 1114 ’

169 1199 294 1272 περὶ
326 1210 436 1254 τῶν
466 1199 925 1269 διαπορουμένων
954 1200 1436 1270 ἐξασθενήσωσιν.’
1487 1203 1671 1271 <212>
1701 1212 1863 1257 τοῦτο

170 1287 273 1359 μὲν
307 1285 682 1360 Ἀγαθαρχίδῃ
722 1288 1096 1357 καταγέλωτος
1135 1288 1291 1353 ἄξιον
1325 1291 1501 1343 δοκεῖ·
1542 1301 1657 1354 τοῖς
1689 1288 1750 1344 δὲ
1789 1293 1862 1361 μὴ

169 1379 302 1448 μετὰ
335 1380 663 1446 δυσμενείας
695 1377 1001 1442 ἐξετάζουσι
1041 1381 1295 1448 φαίνεται
1334 1376 1474 1447 μέγα
1511 1378 1604 1432 καὶ
1642 1384 1864 1434 πολλῶν

170 1467 327 1531 ἄξιον
359 1466 664 1535 ἐγκωμίων,
703 1468 756 1519 εἰ
791 1465 882 1520 καὶ
915 1470 1186 1536 σωτηρίας
1222 1465 1314 1520 καὶ
1344 1469 1609 1535 πατρίδος
1640 1470 1864 1539 ἄνθρω-
1888 1489 1931 1523 15
2016 1518 2020 1521 .

168 1559 270 1610 ποί
294 1575 440 1618 τινες
471 1558 661 1624 νόμων
692 1556 950 1625 φυλακὴν
980 1554 1072 1609 καὶ
1104 1556 1206 1624 τὴν
1237 1558 1373 1626 πρὸς
1404 1558 1543 1610 θεὸν
1576 1555 1865 1626 εὐσέβειαν

169 1643 253 1697 ἀεὶ
293 1652 648 1714 προτιμῶσιν.

282 1733 465 1802 <213>
517 1733 601 1785 ὅτι
657 1729 707 1785 δ’
744 1731 846 1786 οὐκ
899 1732 1233 1801 ἀγνοοῦντες
1280 1735 1420 1787 ἔνιοι
1466 1743 1576 1787 τῶν
1625 1749 1864 1806 συγγρα-

143 1821 320 1897 -φέων
367 1823 427 1875 τὸ
477 1824 645 1884 ἔθνος
688 1821 865 1890 ἡμῶν,
921 1820 1037 1875 ἀλλ’
1076 1822 1185 1875 ὑπὸ
1231 1824 1456 1891 φθόνου
1502 1822 1653 1886 τινὸς
1701 1824 1735 1893 ἢ
1784 1821 1857 1877 δι’

170 1913 337 1974 ἄλλας
373 1912 549 1973 αἰτίας
581 1908 681 1980 οὐχ
714 1909 890 1978 ὑγιεῖς
921 1911 1021 1978 τὴν
1053 1912 1276 1980 μνήμην
1308 1910 1633 1980 παρέλιπον,
1672 1914 1865 1981 τεκμή-
1888 1934 1932 1967 20

170 2019 294 2070 ριον
334 1996 486 2068 οἶμαι
525 1997 796 2068 παρέξειν.
864 1997 1195 2070 Ἱερώνυμος
1234 2000 1338 2068 γὰρ
1379 2000 1408 2053 ὁ
1448 2001 1550 2069 τὴν
1588 1999 1714 2070 περὶ
1753 2010 1864 2054 τῶν

170 2089 447 2158 διαδόχων
493 2089 742 2156 ἱστορίαν
782 2089 1179 2158 συγγεγραφὼς
1223 2089 1359 2141 κατὰ
1405 2090 1505 2141 τὸν
1545 2087 1716 2142 αὐτὸν
1762 2086 1864 2158 μὲν

168 2173 238 2245 ἦν
271 2175 534 2249 Ἑκαταίῳ
581 2179 807 2246 χρόνον,
854 2180 1018 2245 φίλος
1057 2174 1107 2229 δ’
1140 2178 1219 2230 ὢν
1254 2172 1576 2245 Ἀντιγόνου
1619 2186 1720 2231 τοῦ
1766 2181 1863 2247 ’βα-

169 2264 364 2328 σιλέως
415 2266 517 2333 τὴν
568 2268 785 2335 Συρίαν
841 2264 1221 2334 ἐπετρόπευεν.
1312 2266 1493 2335 <214>
1548 2265 1669 2320 ἀλλ’
1719 2267 1864 2337 ὅμως

171 2358 442 2417 Εκαταῖος
481 2350 582 2423 μὲν
614 2352 705 2406 καὶ
743 2356 963 2422 βιβλίον
996 2356 1199 2424 ἔγραψε
1237 2353 1363 2424 περὶ
1400 2355 1577 2424 ἡμῶν,
1607 2353 1861 2426 Ἱερώνυ-
1887 2376 1929 2408 25

167 2463 269 2512 μος
309 2441 357 2495 δ’
390 2430 642 2511 οὐδαμοῦ
689 2443 824 2495 κατὰ
864 2445 964 2512 τὴν
1007 2444 1256 2513 ἱστορίαν
1296 2443 1699 2513 ἐμνημόνευσε,
1746 2447 1863 2497 καί-

167 2551 252 2585 τοι
299 2532 500 2601 σχεδὸν
548 2530 608 2584 ἐν
646 2540 762 2594 τοῖς
807 2534 997 2594 τόποις
1045 2533 1419 2602 διατετριφώς.
1495 2540 1767 2586 τοσοῦτον
1806 2534 1869 2586 αἱ

166 2618 513 2691 προαιρέσεις
567 2629 675 2672 τῶν
731 2619 1047 2690 ἀνθρώπων
1097 2622 1420 2690 διήνεγκαν·
1475 2629 1549 2692 τῷ
1607 2618 1708 2689 μὲν
1757 2623 1861 2689 γὰρ

168 2707 434 2777 ἐδόξαμεν
487 2707 579 2761 καὶ
635 2709 942 2771 σπουδαίας
995 2706 1138 2763 εἶναι
1192 2712 1409 2779 μνήμης
1461 2709 1631 2778 ἄξιοι,
1678 2717 1751 2782 τςό
1801 2706 1862 2762 δὲ

165 2799 304 2867 πρὸς
347 2798 450 2866 τὴν
498 2796 769 2866 ἀλήθειαν
815 2797 1032 2861 πάντως
1077 2818 1129 2851 τι
1179 2799 1362 2861 πάθος
1414 2797 1517 2851 οὐκ
1572 2799 1861 2867 εὔγνωμον
1884 2819 1928 2851 30

167 2885 544 2954 ἐπεσκότησεν.
599 2886 782 2955 <215>
815 2885 1046 2955 ἀρκοῦσι
1080 2885 1128 2939 δ’
1154 2887 1300 2956 ὅμως
1332 2888 1411 2950 εἰς
1442 2888 1543 2955 τὴν
1575 2885 1859 2950 ἀπόδειξιν
