2032 3128
711 101 923 142 ΛοΓοΣ
954 99 1244 142 ΕΒΔοΜοΣ
1706 91 1811 143 167

136 234 334 304 δράσιν
380 232 570 303 ἀρκεῖν
616 236 860 303 μυρίοις,
909 232 1076 302 ἀργός
1114 251 1170 284 τε
1210 232 1436 300 σίδηρος
1473 227 1563 281 καὶ
1601 229 1818 298 χαλκός,

135 325 214 374 ἔτι
254 319 314 374 δὲ
353 319 444 374 καὶ
492 323 779 391 μόλιβδος,
826 322 919 374 ἅτε
967 322 1035 388 δὴ
1082 315 1178 388 τῆς
1216 324 1562 387 παρασκευῆς
1602 315 1689 369 ἐπὶ
1717 314 1820 383 ,με’-

136 404 329 471 γάλαις
375 411 570 465 αἰτίαις
616 408 931 478 γενομένης.
1017 409 1213 477 <300>
1260 406 1472 476 λέγεται
1519 406 1622 475 γὰρ
1670 404 1819 475 αὑτῷ

135 492 232 544 τὸν
272 489 529 561 Ἡρώδην
574 498 738 544 τοῦτο
787 498 847 543 τὸ
896 497 1171 559 φρούριον
1220 497 1298 552 εἰς
1345 494 1643 561 ὑποφυγὴν
1685 490 1822 545 ἐτοι-

90 599 112 632 5
135 580 342 648 μάζειν,
382 580 619 632 διπλοῦν
657 579 1025 648 ὑφορώμενον
1063 578 1350 644 κίνδυνον,
1398 577 1497 629 τὸν
1536 573 1637 645 μὲν
1675 580 1822 644 παρὰ

134 674 235 720 τοῦ
272 668 524 735 πλήθους
562 677 674 720 τῶν
707 665 1012 732 Ἰουδαίων,
1058 666 1131 734 μὴ
1170 666 1571 726 καταλύσαντες
1608 664 1823 718 ἐκεῖνον

133 757 262 818 τοὺς
306 757 413 824 πρὸ
462 755 633 808 αὐτοῦ
680 754 939 820 βασιλέας
978 752 1066 806 ἐπὶ
1105 754 1207 821 τὴν
1246 752 1421 822 ἀρχὴν
1460 753 1822 821 καταγάγωσι,

132 845 230 892 τὸν
281 845 443 908 μείζω
493 837 554 892 δὲ
601 838 692 892 καὶ
738 842 1121 910 χαλεπώτερον
1169 840 1228 893 ἐκ
1278 849 1373 909 τῆς
1422 842 1823 909 βασιλευούσης

132 929 420 995 Αἰγύπτου
472 928 840 998 Κλεοπάτρας.
920 930 1116 998 <301>
1167 929 1302 998 αὕτη
1350 930 1454 999 γὰρ
1501 930 1602 997 τὴν
1652 930 1822 997 αὑτῆς

64 1038 108 1069 10
131 1018 359 1084 γνώμην
399 1016 502 1070 οὐκ
543 1016 782 1087 ἐπεῖχεν,
829 1016 968 1070 ἀλλὰ
1013 1018 1276 1081 πολλάκις
1306 1012 1581 1091 Ἀντωνίῳ
1621 1020 1822 1085 λόγους

129 1103 437 1175 προσέφερε
477 1106 574 1158 τὸν
606 1102 708 1174 μὲν
740 1103 1002 1175 Ἡρώδην
1042 1106 1260 1159 ἀνελεῖν
1299 1106 1552 1175 ἀξιοῦσα,
1596 1108 1821 1175 χαρίσα-

130 1198 267 1246 σθαι
316 1189 366 1246 δ’
404 1194 541 1263 αὑτῇ
596 1195 699 1263 τὴν
744 1198 1031 1263 βασιλείαν
1077 1205 1189 1248 τῶν
1228 1193 1518 1248 Ἰουδαίων
1561 1192 1820 1263 δεομένη·

128 1282 310 1351 <302>
350 1281 440 1335 καὶ
480 1287 693 1351 μᾶλλον
733 1284 803 1336 ἄν
840 1303 924 1346 τις
963 1282 1280 1352 ἐθαύμασεν
1320 1283 1404 1337 ὅτι
1442 1281 1666 1352 μηδέπω
1706 1292 1821 1346 τοῖς

127 1371 545 1439 προστάγμασιν
594 1369 889 1434 Ἀντώνιος
941 1371 1265 1441 ὑπηκηκόει,
1328 1381 1505 1434 κακῶς
1557 1372 1664 1426 ὑπὸ
1718 1380 1819 1426 τοῦ

63 1478 105 1510 15
129 1461 265 1529 πρὸς
310 1460 485 1529 αὐτὴν
532 1463 733 1530 ἔρωτος
780 1460 1222 1531 δεδουλωμένος,
1270 1461 1371 1530 οὐχ
1418 1462 1502 1514 ὅτι
1547 1463 1672 1531 περὶ
1717 1468 1819 1515 τοῦ

127 1550 201 1617 μὴ
241 1552 579 1618 χαρίσασθαι
613 1551 1004 1618 προσεδόκησε.
1059 1550 1242 1619 <303>
1275 1551 1367 1603 διὰ
1398 1551 1685 1613 τοιούτους
1715 1546 1818 1619 μὲν

125 1640 340 1706 φόβους
385 1635 640 1706 “Ηρώδης
692 1639 975 1692 Μασάδαν
1031 1639 1574 1707 κατασκευασάμενος
1627 1641 1816 1708 ἔμελλε
1898 1703 1902 1707 ¹

130 1729 402 1795 Ρωμαίοις
441 1726 763 1790 ἀπολείψειν
802 1730 967 1795 ἔργον
1006 1736 1105 1781 τοῦ
1143 1730 1282 1798 πρὸς
1313 1725 1620 1791 Ἰουδαίους
1656 1726 1817 1782 πολέ-

124 1835 232 1884 μου
270 1819 600 1869 τελευταῖον.

15 1925 18 1927 ’
55 1923 100 1955 20
235 1905 418 1973 (304)
465 1902 582 1957 ἐπεὶ
628 1905 733 1973 γὰρ
780 1903 990 1968 ἔξωθεν
1036 1906 1143 1974 ἤδη
1189 1907 1593 1974 περιτετειχίκει
1635 1904 1813 1958 πάντα

122 1993 221 2046 τὸν
266 1996 438 2046 τόπον
478 1993 507 2047 ὁ
547 2002 659 2046 τῶν
690 1991 1001 2062 Ῥωμαίων,
1051 1995 1123 2056 ὡς
1161 1997 1526 2062 προείπομεν,
1575 1993 1814 2063 ἡγεμών,

121 2079 213 2135 καὶ
260 2090 360 2135 τοῦ
408 2084 480 2150 μή
526 2102 652 2135 τινα
699 2081 1010 2151 ἀποδρᾶναι
1059 2084 1330 2149 πρόνοιαν
1377 2081 1664 2150 ἐπεποίητο
1711 2083 1815 2150 τὴν

123 2169 544 2240 ἀκριβεστάτην,
600 2171 859 2241 ἐνεχείρει
912 2178 978 2240 τῇ
1033 2174 1348 2242 πολιορκίᾳ,
1403 2173 1579 2239 μόνον
1631 2171 1814 2241 εὑρὼν

122 2258 220 2312 ἕνα
280 2262 453 2313 τόπον
514 2259 778 2328 ἐπιβολὴν
831 2260 1100 2329 χωμάτων
1154 2258 1420 2323 δέξασθαι
1483 2259 1814 2328 δυνάμενον.

51 2368 99 2400 25
125 2348 307 2416 (305)
347 2349 480 2417 μετὰ
534 2349 638 2418 γὰρ
693 2350 791 2401 τὸν
843 2350 1237 2418 διατειχίζοντα
1289 2349 1504 2417 πύργον
1553 2349 1655 2416 τὴν
1705 2347 1812 2401 ἀπὸ

120 2445 217 2506 τῆς
250 2438 460 2500 δύσεως
499 2437 636 2490 ὁδὸν
675 2438 923 2504 ἄγουσαν
964 2442 1043 2500 εἴς
1079 2456 1136 2490 τε
1175 2439 1236 2491 τὸ
1276 2440 1559 2506 βασίλειον
1590 2434 1680 2489 καὶ
1710 2437 1812 2504 τὴν

121 2523 456 2596 ἀκρώρειαν,
498 2522 570 2594 ἧν
608 2546 691 2588 τις
729 2525 887 2596 ἐξοχὴ
927 2525 1127 2596 πέτρας
1165 2524 1469 2595 εὐμεγέθης
1507 2532 1580 2597 τῷ
1621 2525 1814 2578 πλάτει

120 2612 229 2677 καὶ,
264 2617 407 2668 πολὺ
460 2616 879 2685 προκύπτουσα,
932 2621 1032 2667 τοῦ
1079 2613 1128 2668 δ’
1173 2615 1354 2678 ὕψους
1397 2622 1493 2682 τῆς
1539 2615 1813 2677 Μασάδας

120 2707 469 2772 τριακοσίους
513 2705 704 2773 πήχεις
749 2703 1020 2757 ὑποκάτω.
1096 2705 1321 2772 Λευκὴν
1368 2700 1417 2756 δ’
1457 2703 1631 2771 αὐτὴν
1672 2703 1812 2757 ὠνό-

50 2811 97 2842 30
121 2794 307 2859 μαζον.
383 2791 566 2861 <306>
612 2790 698 2846 ἐπὶ
745 2793 951 2862 ταύτην
998 2787 1102 2845 οὖν
1148 2792 1357 2861 ἀναβὰς
1393 2790 1485 2845 καὶ
1523 2793 1810 2862 κατασχὼν

120 2879 294 2948 αὐτὴν
335 2880 364 2934 ὁ
406 2883 614 2944 Σίλεας
652 2880 902 2934 ἐκέλευσε
940 2882 1039 2934 τὸν
1079 2883 1311 2951 στρατὸν
1343 2887 1480 2951 χοῦν
1513 2879 1810 2950 ἐπιφέρειν.
