<?xml version="1.0" encoding="UTF-8"?>
<!DOCTYPE html PUBLIC "-//W3C//DTD XHTML 1.0 Transitional//EN"
    "http://www.w3.org/TR/xhtml1/DTD/xhtml1-transitional.dtd">
<html xmlns="http://www.w3.org/1999/xhtml" xml:lang="en" lang="en">
 <head>
  <title>
</title>
<meta http-equiv="Content-Type" content="text/html;charset=utf-8" />
  <meta name='ocr-system' content='tesseract 3.04.00' />
  <meta name='ocr-capabilities' content='ocr_page ocr_carea ocr_par ocr_line ocrx_word'/>
</head>
<body>
  <div class='ocr_page' id='page_1' title='image "./flaviiiosephiope06joseuoft_0070.png"; bbox 0 0 2032 3128; ppageno 0'>
   <div class='ocr_carea' id='block_1_1' title="bbox 229 80 1492 132">
    <p class='ocr_par' dir='ltr' id='par_1_1' title="bbox 229 80 1492 132">
     <span class='ocr_line' id='line_1_1' title="bbox 229 80 1492 132; baseline -0.007 0"><span class='ocrx_word' id='word_1_1' title='bbox 229 80 298 132; x_wconf 86' lang='lat'><strong><em>14</em></strong></span> <span class='ocrx_word' id='word_1_2' title='bbox 531 97 538 101; x_wconf 52' lang='grc'><strong>»</strong></span> <span class='ocrx_word' id='word_1_3' title='bbox 655 82 781 123; x_wconf 77' lang='grc' dir='ltr'><strong><em>ΤοΤ</em></strong></span> <span class='ocrx_word' id='word_1_4' title='bbox 811 82 1154 124; x_wconf 77' lang='grc' dir='ltr'><strong><em>ΙοΤΔΑῙΚοΤ</em></strong></span> <span class='ocrx_word' id='word_1_5' title='bbox 1183 82 1492 125; x_wconf 69' lang='grc' dir='ltr'><strong>ΠΟΛΕΜΟΥ</strong></span> 
     </span>
    </p>
   </div>
   <div class='ocr_carea' id='block_1_2' title="bbox 161 212 1972 2942">
    <p class='ocr_par' dir='ltr' id='par_1_2' title="bbox 217 212 1967 993">
     <span class='ocr_line' id='line_1_2' title="bbox 223 212 1902 287; baseline 0 -19"><span class='ocrx_word' id='word_1_6' title='bbox 223 218 514 283; x_wconf 89' lang='grc' dir='ltr'><strong><em>παιόμενοι</em></strong></span> <span class='ocrx_word' id='word_1_7' title='bbox 559 212 651 267; x_wconf 84' lang='grc' dir='ltr'><strong><em>καὶ</em></strong></span> <span class='ocrx_word' id='word_1_8' title='bbox 699 216 923 287; x_wconf 73' lang='grc' dir='ltr'><strong><em>σιδήρῳ.</em></strong></span> <span class='ocrx_word' id='word_1_9' title='bbox 999 215 1179 283; x_wconf 83' lang='lat'>&lt;103&gt;</span> <span class='ocrx_word' id='word_1_10' title='bbox 1224 218 1464 278; x_wconf 84' lang='grc' dir='ltr'><strong><em>πολλοὺς</em></strong></span> <span class='ocrx_word' id='word_1_11' title='bbox 1509 212 1570 268; x_wconf 78' lang='grc' dir='ltr'><strong><em>δὲ</em></strong></span> <span class='ocrx_word' id='word_1_12' title='bbox 1615 225 1725 269; x_wconf 83' lang='grc' dir='ltr'><strong><em>τῶν</em></strong></span> <span class='ocrx_word' id='word_1_13' title='bbox 1770 216 1902 285; x_wconf 79' lang='grc' dir='ltr'><strong><em>ἡσυ-</em></strong></span> 
     </span>
     <span class='ocr_line' id='line_1_3' title="bbox 222 301 1904 373; baseline 0.001 -18"><span class='ocrx_word' id='word_1_14' title='bbox 222 306 358 373; x_wconf 89' lang='grc' dir='ltr'><strong><em>χίων</em></strong></span> <span class='ocrx_word' id='word_1_15' title='bbox 405 301 520 355; x_wconf 84' lang='grc' dir='ltr'><strong><em>κατ’</em></strong></span> <span class='ocrx_word' id='word_1_16' title='bbox 577 305 784 372; x_wconf 84' lang='grc' dir='ltr'><strong><em>ἔχθραν</em></strong></span> <span class='ocrx_word' id='word_1_17' title='bbox 831 302 921 356; x_wconf 88' lang='grc' dir='ltr'><strong><em>καὶ</em></strong></span> <span class='ocrx_word' id='word_1_18' title='bbox 970 314 1129 372; x_wconf 77' lang='grc' dir='ltr'><strong><em>μῖσος</em></strong></span> <span class='ocrx_word' id='word_1_19' title='bbox 1176 305 1322 357; x_wconf 83' lang='grc' dir='ltr'><strong><em>ἴδιον</em></strong></span> <span class='ocrx_word' id='word_1_20' title='bbox 1370 304 1443 366; x_wconf 85' lang='grc' dir='ltr'><strong><em>ὡς</em></strong></span> <span class='ocrx_word' id='word_1_21' title='bbox 1480 303 1904 367; x_wconf 79' lang='grc' dir='ltr'><strong><em>ἀντιστασιώτας</em></strong></span> 
     </span>
     <span class='ocr_line' id='line_1_4' title="bbox 223 390 1902 462; baseline 0.001 -19"><span class='ocrx_word' id='word_1_22' title='bbox 223 390 469 462; x_wconf 77' lang='grc' dir='ltr'><em>ἀνῄρουν</em></span> <span class='ocrx_word' id='word_1_23' title='bbox 501 392 560 444; x_wconf 73' lang='grc' dir='ltr'><strong><em>οὗ</em></strong></span> <span class='ocrx_word' id='word_1_24' title='bbox 594 391 878 462; x_wconf 89' lang='grc' dir='ltr'><strong><em>διάφοροι·</em></strong></span> <span class='ocrx_word' id='word_1_25' title='bbox 918 390 1009 444; x_wconf 87' lang='grc' dir='ltr'><strong><em>καὶ</em></strong></span> <span class='ocrx_word' id='word_1_26' title='bbox 1040 400 1145 454; x_wconf 81' lang='grc' dir='ltr'><strong><em>πᾶς</em></strong></span> <span class='ocrx_word' id='word_1_27' title='bbox 1177 392 1206 446; x_wconf 89' lang='grc' dir='ltr'>ὁ</span> <span class='ocrx_word' id='word_1_28' title='bbox 1237 393 1620 461; x_wconf 80' lang='grc' dir='ltr'><strong><em>προσκρούσας</em></strong></span> <span class='ocrx_word' id='word_1_29' title='bbox 1649 391 1761 445; x_wconf 88' lang='grc' dir='ltr'><strong><em>τινὶ</em></strong></span> <span class='ocrx_word' id='word_1_30' title='bbox 1792 401 1902 445; x_wconf 83' lang='grc' dir='ltr'><strong><em>τῶν</em></strong></span> 
     </span>
     <span class='ocr_line' id='line_1_5' title="bbox 223 471 1904 550; baseline 0 -18"><span class='ocrx_word' id='word_1_31' title='bbox 223 479 534 548; x_wconf 89' lang='grc' dir='ltr'><strong><em>ἐπιβούλων</em></strong></span> <span class='ocrx_word' id='word_1_32' title='bbox 580 471 772 549; x_wconf 82' lang='grc' dir='ltr'><strong><em>πάλαι,</em></strong></span> <span class='ocrx_word' id='word_1_33' title='bbox 822 479 1100 550; x_wconf 83' lang='grc' dir='ltr'><strong><em>τηνικαῦτ’</em></strong></span> <span class='ocrx_word' id='word_1_34' title='bbox 1144 479 1508 548; x_wconf 79' lang='grc' dir='ltr'><strong><em>ἐπιγνωσθεὶς</em></strong></span> <span class='ocrx_word' id='word_1_35' title='bbox 1547 481 1619 543; x_wconf 81' lang='grc' dir='ltr'><strong><em>ὡς</em></strong></span> <span class='ocrx_word' id='word_1_36' title='bbox 1667 481 1904 549; x_wconf 86' lang='grc' dir='ltr'><strong><em>ζηλωτὴς</em></strong></span> 
     </span>
     <span class='ocr_line' id='line_1_6' title="bbox 220 557 1967 638; baseline 0.001 -18"><span class='ocrx_word' id='word_1_37' title='bbox 220 569 358 638; x_wconf 87' lang='grc' dir='ltr'><strong><em>πρὸς</em></strong></span> <span class='ocrx_word' id='word_1_38' title='bbox 412 570 597 622; x_wconf 83' lang='grc' dir='ltr'><strong><em>αἰκίαν</em></strong></span> <span class='ocrx_word' id='word_1_39' title='bbox 652 557 899 636; x_wconf 84' lang='grc' dir='ltr'><strong><em>ἀνήγετο.</em></strong></span> <span class='ocrx_word' id='word_1_40' title='bbox 976 569 1155 636; x_wconf 85' lang='grc'>&lt;104&gt;</span> <span class='ocrx_word' id='word_1_41' title='bbox 1208 570 1385 622; x_wconf 82' lang='grc' dir='ltr'><strong><em>πολλὰ</em></strong></span> <span class='ocrx_word' id='word_1_42' title='bbox 1441 566 1503 621; x_wconf 73' lang='grc' dir='ltr'><strong><em>δὲ</em></strong></span> <span class='ocrx_word' id='word_1_43' title='bbox 1557 569 1714 621; x_wconf 79' lang='grc' dir='ltr'><strong><em>δεινὰ</em></strong></span> <span class='ocrx_word' id='word_1_44' title='bbox 1773 571 1903 631; x_wconf 88' lang='grc' dir='ltr'><strong><em>τοὺς</em></strong></span> <span class='ocrx_word' id='word_1_45' title='bbox 1946 589 1967 622; x_wconf 86' lang='lat'>5</span> 
     </span>
     <span class='ocr_line' id='line_1_7' title="bbox 221 656 1902 727; baseline -0.001 -18"><span class='ocrx_word' id='word_1_46' title='bbox 221 656 504 720; x_wconf 85' lang='grc' dir='ltr'><strong><em>ἀναιτίους</em></strong></span> <span class='ocrx_word' id='word_1_47' title='bbox 559 656 846 720; x_wconf 78' lang='grc' dir='ltr'><strong><em>διαθέντες</em></strong></span> <span class='ocrx_word' id='word_1_48' title='bbox 899 657 1201 727; x_wconf 78' lang='grc' dir='ltr'><strong><em>ἐκεχειρίαν</em></strong></span> <span class='ocrx_word' id='word_1_49' title='bbox 1258 667 1372 720; x_wconf 80' lang='grc' dir='ltr'><strong><em>τοῖς</em></strong></span> <span class='ocrx_word' id='word_1_50' title='bbox 1433 660 1628 719; x_wconf 83' lang='grc' dir='ltr'><strong><em>αἰτίοις</em></strong></span> <span class='ocrx_word' id='word_1_51' title='bbox 1681 658 1902 722; x_wconf 84' lang='grc' dir='ltr'><strong><em>ἔδοσαν,</em></strong></span> 
     </span>
     <span class='ocr_line' id='line_1_8' title="bbox 219 741 1902 815; baseline -0.001 -18"><span class='ocrx_word' id='word_1_52' title='bbox 219 743 310 797; x_wconf 87' lang='grc' dir='ltr'><strong><em>καὶ</em></strong></span> <span class='ocrx_word' id='word_1_53' title='bbox 347 748 727 815; x_wconf 81' lang='grc' dir='ltr'><strong><em>προελθόντας</em></strong></span> <span class='ocrx_word' id='word_1_54' title='bbox 765 745 824 799; x_wconf 87' lang='grc' dir='ltr'><strong><em>ἐκ</em></strong></span> <span class='ocrx_word' id='word_1_55' title='bbox 869 755 980 799; x_wconf 82' lang='grc' dir='ltr'><strong><em>τῶν</em></strong></span> <span class='ocrx_word' id='word_1_56' title='bbox 1018 746 1318 814; x_wconf 84' lang='grc' dir='ltr'><strong><em>ὑπονόμων</em></strong></span> <span class='ocrx_word' id='word_1_57' title='bbox 1357 746 1591 798; x_wconf 80' lang='grc' dir='ltr'><strong><em>διίεσαν·</em></strong></span> <span class='ocrx_word' id='word_1_58' title='bbox 1643 742 1800 797; x_wconf 87' lang='grc' dir='ltr'><strong><em>αὐτοὶ</em></strong></span> <span class='ocrx_word' id='word_1_59' title='bbox 1841 741 1902 796; x_wconf 76' lang='grc' dir='ltr'><strong><em>δὲ</em></strong></span> 
     </span>
     <span class='ocr_line' id='line_1_9' title="bbox 218 830 1900 904; baseline -0.001 -18"><span class='ocrx_word' id='word_1_60' title='bbox 218 832 309 886; x_wconf 85' lang='grc' dir='ltr'><strong><em>καὶ</em></strong></span> <span class='ocrx_word' id='word_1_61' title='bbox 354 836 416 887; x_wconf 88' lang='grc' dir='ltr'><strong><em>τὸ</em></strong></span> <span class='ocrx_word' id='word_1_62' title='bbox 466 830 735 903; x_wconf 76' lang='grc' dir='ltr'><strong><em>ἐνδοτέρω</em></strong></span> <span class='ocrx_word' id='word_1_63' title='bbox 784 836 935 903; x_wconf 73' lang='grc' dir='ltr'><strong><em>ἱερὸν</em></strong></span> <span class='ocrx_word' id='word_1_64' title='bbox 985 836 1348 904; x_wconf 83' lang='grc' dir='ltr'><strong><em>κατασχόντες</em></strong></span> <span class='ocrx_word' id='word_1_65' title='bbox 1391 831 1483 887; x_wconf 84' lang='grc' dir='ltr'><strong><em>καὶ</em></strong></span> <span class='ocrx_word' id='word_1_66' title='bbox 1521 834 1616 895; x_wconf 82' lang='grc' dir='ltr'><strong><em>τὰς</em></strong></span> <span class='ocrx_word' id='word_1_67' title='bbox 1655 832 1715 885; x_wconf 90' lang='grc' dir='ltr'><strong><em>ἐν</em></strong></span> <span class='ocrx_word' id='word_1_68' title='bbox 1755 832 1900 904; x_wconf 78' lang='grc' dir='ltr'><strong><em>αὐτῷ</em></strong></span> 
     </span>
     <span class='ocr_line' id='line_1_10' title="bbox 217 922 1811 993; baseline -0.001 -19"><span class='ocrx_word' id='word_1_69' title='bbox 217 923 566 991; x_wconf 81' lang='grc' dir='ltr'><strong><em>παρασκευὰς</em></strong></span> <span class='ocrx_word' id='word_1_70' title='bbox 603 923 795 991; x_wconf 84' lang='grc' dir='ltr'><strong><em>πάσας,</em></strong></span> <span class='ocrx_word' id='word_1_71' title='bbox 834 923 1217 993; x_wconf 78' lang='grc' dir='ltr'><strong><em>κατεθάρρουν</em></strong></span> <span class='ocrx_word' id='word_1_72' title='bbox 1255 922 1361 990; x_wconf 77' lang='grc' dir='ltr'><strong><em>ἤδη</em></strong></span> <span class='ocrx_word' id='word_1_73' title='bbox 1401 930 1500 974; x_wconf 90' lang='grc' dir='ltr'><strong><em>τοῦ</em></strong></span> <span class='ocrx_word' id='word_1_74' title='bbox 1539 923 1811 989; x_wconf 89' lang='grc' dir='ltr'><strong><em>Σίμωνος.</em></strong></span> 
     </span>
    </p>

    <p class='ocr_par' dir='ltr' id='par_1_3' title="bbox 161 1005 1971 2324">
     <span class='ocr_line' id='line_1_11' title="bbox 329 1005 1971 1080; baseline 0 -18"><span class='ocrx_word' id='word_1_75' title='bbox 329 1011 509 1079; x_wconf 83' lang='lat'>&lt;105&gt;</span> <span class='ocrx_word' id='word_1_76' title='bbox 540 1011 573 1080; x_wconf 85' lang='grc' dir='ltr'>ἡ</span> <span class='ocrx_word' id='word_1_77' title='bbox 614 1008 715 1080; x_wconf 74' lang='grc' dir='ltr'><strong><em>μὲν</em></strong></span> <span class='ocrx_word' id='word_1_78' title='bbox 756 1006 858 1064; x_wconf 79' lang='grc' dir='ltr'><strong><em>οὖν</em></strong></span> <span class='ocrx_word' id='word_1_79' title='bbox 898 1011 1084 1073; x_wconf 78' lang='grc' dir='ltr'><strong><em>στάσις</em></strong></span> <span class='ocrx_word' id='word_1_80' title='bbox 1122 1011 1266 1064; x_wconf 76' lang='grc' dir='ltr'><strong><em>οὕτω</em></strong></span> <span class='ocrx_word' id='word_1_81' title='bbox 1304 1011 1562 1080; x_wconf 83' lang='grc' dir='ltr'><strong><em>τριμερὴς</em></strong></span> <span class='ocrx_word' id='word_1_82' title='bbox 1597 1005 1736 1062; x_wconf 83' lang='grc' dir='ltr'><strong><em>οὖσα</em></strong></span> <span class='ocrx_word' id='word_1_83' title='bbox 1767 1011 1900 1079; x_wconf 86' lang='grc' dir='ltr'><strong><em>πρό·</em></strong></span> <span class='ocrx_word' id='word_1_84' title='bbox 1927 1031 1971 1070; x_wconf 80' lang='grc' dir='ltr'><strong><em>ιο</em></strong></span> 
     </span>
     <span class='ocr_line' id='line_1_12' title="bbox 161 1095 1902 1170; baseline -0.002 -18"><span class='ocrx_word' id='word_1_85' title='bbox 161 1123 171 1132; x_wconf 85' lang='grc'><em>·</em></span> <span class='ocrx_word' id='word_1_86' title='bbox 217 1118 380 1167; x_wconf 89' lang='grc' dir='ltr'><strong><em>τερον</em></strong></span> <span class='ocrx_word' id='word_1_87' title='bbox 425 1102 504 1162; x_wconf 79' lang='grc' dir='ltr'><strong><em>εἰς</em></strong></span> <span class='ocrx_word' id='word_1_88' title='bbox 550 1100 652 1152; x_wconf 90' lang='grc' dir='ltr'><strong><em>δύο</em></strong></span> <span class='ocrx_word' id='word_1_89' title='bbox 699 1102 893 1170; x_wconf 88' lang='grc' dir='ltr'><strong><em>μοίρας</em></strong></span> <span class='ocrx_word' id='word_1_90' title='bbox 930 1102 1294 1170; x_wconf 87' lang='grc' dir='ltr'><strong><em>περιίσταται·</em></strong></span> <span class='ocrx_word' id='word_1_91' title='bbox 1345 1099 1527 1167; x_wconf 83' lang='grc'>&lt;106&gt;</span> <span class='ocrx_word' id='word_1_92' title='bbox 1567 1099 1596 1151; x_wconf 87' lang='grc' dir='ltr'>ὁ</span> <span class='ocrx_word' id='word_1_93' title='bbox 1638 1095 1698 1150; x_wconf 75' lang='grc' dir='ltr'><strong><em>δὲ</em></strong></span> <span class='ocrx_word' id='word_1_94' title='bbox 1745 1099 1902 1159; x_wconf 87' lang='grc' dir='ltr'><strong><em>Τίτος</em></strong></span> 
     </span>
     <span class='ocr_line' id='line_1_13' title="bbox 217 1187 1902 1257; baseline -0.001 -17"><span class='ocrx_word' id='word_1_95' title='bbox 217 1189 404 1256; x_wconf 80' lang='grc' dir='ltr'><strong><em>ἔγγιον</em></strong></span> <span class='ocrx_word' id='word_1_96' title='bbox 455 1188 561 1242; x_wconf 91' lang='grc' dir='ltr'><strong><em>ἀπὸ</em></strong></span> <span class='ocrx_word' id='word_1_97' title='bbox 611 1197 711 1241; x_wconf 90' lang='grc' dir='ltr'><strong><em>τοῦ</em></strong></span> <span class='ocrx_word' id='word_1_98' title='bbox 758 1192 986 1241; x_wconf 84' lang='grc' dir='ltr'><strong><em>Σκοποῦ</em></strong></span> <span class='ocrx_word' id='word_1_99' title='bbox 1035 1196 1100 1257; x_wconf 76' lang='grc' dir='ltr'><strong><em>τῇ</em></strong></span> <span class='ocrx_word' id='word_1_100' title='bbox 1151 1191 1309 1242; x_wconf 91' lang='grc' dir='ltr'><strong><em>πόλει</em></strong></span> <span class='ocrx_word' id='word_1_101' title='bbox 1358 1187 1902 1255; x_wconf 88' lang='grc' dir='ltr'><strong><em>παραστρατοπεδεύ-</em></strong></span> 
     </span>
     <span class='ocr_line' id='line_1_14' title="bbox 215 1272 1903 1347; baseline -0.002 -18"><span class='ocrx_word' id='word_1_102' title='bbox 215 1282 424 1330; x_wconf 89' lang='grc' dir='ltr'><strong><em>σασθαι</em></strong></span> <span class='ocrx_word' id='word_1_103' title='bbox 484 1278 954 1347; x_wconf 85' lang='grc' dir='ltr'><strong><em>προαιρούμενος,</em></strong></span> <span class='ocrx_word' id='word_1_104' title='bbox 1016 1279 1153 1347; x_wconf 85' lang='grc' dir='ltr'><strong><em>πρὸς</em></strong></span> <span class='ocrx_word' id='word_1_105' title='bbox 1207 1273 1308 1345; x_wconf 76' lang='grc' dir='ltr'><strong><em>μὲν</em></strong></span> <span class='ocrx_word' id='word_1_106' title='bbox 1369 1278 1498 1342; x_wconf 88' lang='grc' dir='ltr'><strong><em>τοὺς</em></strong></span> <span class='ocrx_word' id='word_1_107' title='bbox 1552 1272 1903 1344; x_wconf 84' lang='grc' dir='ltr'><strong><em>ἐκτρέχοντας</em></strong></span> 
     </span>
     <span class='ocr_line' id='line_1_15' title="bbox 216 1361 1901 1435; baseline -0.002 -17"><span class='ocrx_word' id='word_1_108' title='bbox 216 1367 442 1435; x_wconf 80' lang='grc' dir='ltr'><strong><em>ἔστησεν</em></strong></span> <span class='ocrx_word' id='word_1_109' title='bbox 483 1364 727 1429; x_wconf 83' lang='grc' dir='ltr'><strong><em>ἐπιλέξας</em></strong></span> <span class='ocrx_word' id='word_1_110' title='bbox 768 1363 976 1418; x_wconf 77' lang='grc' dir='ltr'><strong><em>ἱππέων</em></strong></span> <span class='ocrx_word' id='word_1_111' title='bbox 1008 1385 1065 1418; x_wconf 90' lang='grc' dir='ltr'><strong><em>τε</em></strong></span> <span class='ocrx_word' id='word_1_112' title='bbox 1102 1363 1195 1418; x_wconf 84' lang='grc' dir='ltr'><strong><em>καὶ</em></strong></span> <span class='ocrx_word' id='word_1_113' title='bbox 1231 1368 1407 1429; x_wconf 82' lang='grc' dir='ltr'><strong><em>πεζῶν</em></strong></span> <span class='ocrx_word' id='word_1_114' title='bbox 1447 1364 1611 1426; x_wconf 84' lang='grc' dir='ltr'><strong><em>ὅσους</em></strong></span> <span class='ocrx_word' id='word_1_115' title='bbox 1649 1361 1901 1431; x_wconf 87' lang='grc' dir='ltr'><strong><em>ἀρκέσειν</em></strong></span> 
     </span>
     <span class='ocr_line' id='line_1_16' title="bbox 213 1451 1967 1525; baseline 0 -19"><span class='ocrx_word' id='word_1_116' title='bbox 213 1454 591 1523; x_wconf 79' lang='grc' dir='ltr'><strong><em>ὑπελάμβανε,</em></strong></span> <span class='ocrx_word' id='word_1_117' title='bbox 636 1462 701 1524; x_wconf 76' lang='grc' dir='ltr'><strong><em>τῇ</em></strong></span> <span class='ocrx_word' id='word_1_118' title='bbox 751 1452 801 1507; x_wconf 83' lang='grc' dir='ltr'><strong><em>δ’</em></strong></span> <span class='ocrx_word' id='word_1_119' title='bbox 848 1455 948 1525; x_wconf 82' lang='grc' dir='ltr'><strong><em>ὅλῃ</em></strong></span> <span class='ocrx_word' id='word_1_120' title='bbox 997 1455 1228 1523; x_wconf 89' lang='grc' dir='ltr'><strong><em>δυνάμει</em></strong></span> <span class='ocrx_word' id='word_1_121' title='bbox 1275 1451 1613 1523; x_wconf 83' lang='grc' dir='ltr'><strong><em>προσέταξεν</em></strong></span> <span class='ocrx_word' id='word_1_122' title='bbox 1655 1451 1899 1520; x_wconf 83' lang='grc' dir='ltr'><strong><em>ἐξομαλί-</em></strong></span> <span class='ocrx_word' id='word_1_123' title='bbox 1925 1473 1967 1506; x_wconf 86' lang='lat'><strong><em>15</em></strong></span> 
     </span>
     <span class='ocr_line' id='line_1_17' title="bbox 215 1541 1900 1613; baseline -0.001 -19"><span class='ocrx_word' id='word_1_124' title='bbox 215 1545 324 1606; x_wconf 91' lang='grc' dir='ltr'><strong><em>ζειν</em></strong></span> <span class='ocrx_word' id='word_1_125' title='bbox 363 1545 425 1596; x_wconf 90' lang='grc' dir='ltr'><strong><em>τὸ</em></strong></span> <span class='ocrx_word' id='word_1_126' title='bbox 466 1542 624 1612; x_wconf 89' lang='grc' dir='ltr'><strong><em>μέχρι</em></strong></span> <span class='ocrx_word' id='word_1_127' title='bbox 662 1552 762 1597; x_wconf 92' lang='grc' dir='ltr'><strong><em>τοῦ</em></strong></span> <span class='ocrx_word' id='word_1_128' title='bbox 800 1547 1016 1613; x_wconf 85' lang='grc' dir='ltr'><strong><em>τείχους</em></strong></span> <span class='ocrx_word' id='word_1_129' title='bbox 1056 1543 1341 1613; x_wconf 88' lang='grc' dir='ltr'><strong><em>διάστημα.</em></strong></span> <span class='ocrx_word' id='word_1_130' title='bbox 1415 1541 1598 1611; x_wconf 81' lang='lat'>&lt;107&gt;</span> <span class='ocrx_word' id='word_1_131' title='bbox 1634 1543 1900 1609; x_wconf 87' lang='grc' dir='ltr'><strong><em>καταβλη-</em></strong></span> 
     </span>
     <span class='ocr_line' id='line_1_18' title="bbox 211 1629 1900 1703; baseline -0.001 -20"><span class='ocrx_word' id='word_1_132' title='bbox 211 1629 410 1694; x_wconf 89' lang='grc' dir='ltr'><strong><em>θέντος</em></strong></span> <span class='ocrx_word' id='word_1_133' title='bbox 449 1629 510 1684; x_wconf 73' lang='grc' dir='ltr'><strong><em>δὲ</em></strong></span> <span class='ocrx_word' id='word_1_134' title='bbox 548 1634 753 1695; x_wconf 86' lang='grc' dir='ltr'><strong><em>παντὸς</em></strong></span> <span class='ocrx_word' id='word_1_135' title='bbox 792 1632 987 1703; x_wconf 79' lang='grc' dir='ltr'><strong><em>ἕρκους</em></strong></span> <span class='ocrx_word' id='word_1_136' title='bbox 1023 1630 1114 1685; x_wconf 82' lang='grc' dir='ltr'><strong><em>καὶ</em></strong></span> <span class='ocrx_word' id='word_1_137' title='bbox 1152 1631 1624 1702; x_wconf 83' lang='grc' dir='ltr'><strong><em>περιφράγματος,</em></strong></span> <span class='ocrx_word' id='word_1_138' title='bbox 1666 1629 1768 1682; x_wconf 81' lang='grc' dir='ltr'><strong><em>ὅσα</em></strong></span> <span class='ocrx_word' id='word_1_139' title='bbox 1805 1631 1900 1698; x_wconf 90' lang='grc' dir='ltr'><strong><em>κή-</em></strong></span> 
     </span>
     <span class='ocr_line' id='line_1_19' title="bbox 211 1718 1902 1790; baseline -0.002 -18"><span class='ocrx_word' id='word_1_140' title='bbox 211 1739 332 1773; x_wconf 89' lang='grc' dir='ltr'><strong><em>πων</em></strong></span> <span class='ocrx_word' id='word_1_141' title='bbox 371 1723 854 1790; x_wconf 86' lang='grc' dir='ltr'><strong><em>προανεστήσαντο</em></strong></span> <span class='ocrx_word' id='word_1_142' title='bbox 893 1719 985 1773; x_wconf 83' lang='grc' dir='ltr'><strong><em>καὶ</em></strong></span> <span class='ocrx_word' id='word_1_143' title='bbox 1029 1719 1282 1789; x_wconf 87' lang='grc' dir='ltr'><strong><em>δένδρων</em></strong></span> <span class='ocrx_word' id='word_1_144' title='bbox 1321 1720 1380 1773; x_wconf 81' lang='grc' dir='ltr'><strong><em>οἱ</em></strong></span> <span class='ocrx_word' id='word_1_145' title='bbox 1415 1720 1719 1787; x_wconf 81' lang='grc' dir='ltr'><strong><em>οἰκήτορες,</em></strong></span> <span class='ocrx_word' id='word_1_146' title='bbox 1766 1718 1902 1785; x_wconf 81' lang='grc' dir='ltr'><strong><em>ὕλης</em></strong></span> 
     </span>
     <span class='ocr_line' id='line_1_20' title="bbox 209 1807 1899 1878; baseline -0.002 -17"><span class='ocrx_word' id='word_1_147' title='bbox 209 1807 267 1861; x_wconf 88' lang='grc' dir='ltr'><strong><em>θ’</em></strong></span> <span class='ocrx_word' id='word_1_148' title='bbox 321 1809 530 1878; x_wconf 78' lang='grc' dir='ltr'><strong><em>ἡμέρου</em></strong></span> <span class='ocrx_word' id='word_1_149' title='bbox 577 1817 672 1878; x_wconf 83' lang='grc' dir='ltr'><strong><em>τῆς</em></strong></span> <span class='ocrx_word' id='word_1_150' title='bbox 717 1808 918 1878; x_wconf 82' lang='grc' dir='ltr'><strong><em>μεταξὺ</em></strong></span> <span class='ocrx_word' id='word_1_151' title='bbox 964 1809 1140 1878; x_wconf 82' lang='grc' dir='ltr'><strong><em>πάσης</em></strong></span> <span class='ocrx_word' id='word_1_152' title='bbox 1187 1807 1531 1877; x_wconf 84' lang='grc' dir='ltr'><strong><em>ἐκκοπείσης,</em></strong></span> <span class='ocrx_word' id='word_1_153' title='bbox 1577 1807 1899 1873; x_wconf 88' lang='grc' dir='ltr'><strong><em>ἀνεπλήσθη</em></strong></span> 
     </span>
     <span class='ocr_line' id='line_1_21' title="bbox 210 1894 1966 1968; baseline -0.001 -17"><span class='ocrx_word' id='word_1_154' title='bbox 210 1894 311 1966; x_wconf 74' lang='grc' dir='ltr'><strong><em>μὲν</em></strong></span> <span class='ocrx_word' id='word_1_155' title='bbox 357 1899 423 1951; x_wconf 82' lang='grc' dir='ltr'><strong><em>τὰ</em></strong></span> <span class='ocrx_word' id='word_1_156' title='bbox 469 1902 628 1951; x_wconf 80' lang='grc' dir='ltr'><strong><em>κοῖλα</em></strong></span> <span class='ocrx_word' id='word_1_157' title='bbox 675 1896 765 1951; x_wconf 87' lang='grc' dir='ltr'><strong><em>καὶ</em></strong></span> <span class='ocrx_word' id='word_1_158' title='bbox 811 1899 1142 1968; x_wconf 86' lang='grc' dir='ltr'><strong><em>χαραδρώδη</em></strong></span> <span class='ocrx_word' id='word_1_159' title='bbox 1191 1905 1292 1951; x_wconf 88' lang='grc' dir='ltr'><strong><em>τοῦ</em></strong></span> <span class='ocrx_word' id='word_1_160' title='bbox 1330 1899 1529 1965; x_wconf 91' lang='grc' dir='ltr'><strong><em>τόπου,</em></strong></span> <span class='ocrx_word' id='word_1_161' title='bbox 1584 1895 1767 1964; x_wconf 85' lang='grc' dir='ltr'>&lt;1Ο8&gt;</span> <span class='ocrx_word' id='word_1_162' title='bbox 1805 1895 1900 1957; x_wconf 81' lang='grc' dir='ltr'><strong><em>τὰς</em></strong></span> <span class='ocrx_word' id='word_1_163' title='bbox 1922 1917 1966 1949; x_wconf 82' lang='lat'><strong><em>20</em></strong></span> 
     </span>
     <span class='ocr_line' id='line_1_22' title="bbox 211 1984 1899 2059; baseline -0.002 -20"><span class='ocrx_word' id='word_1_164' title='bbox 211 1984 271 2039; x_wconf 79' lang='grc' dir='ltr'><strong><em>δὲ</em></strong></span> <span class='ocrx_word' id='word_1_165' title='bbox 310 1984 609 2056; x_wconf 82' lang='grc' dir='ltr'><strong><em>πετρώδεις</em></strong></span> <span class='ocrx_word' id='word_1_166' title='bbox 647 1986 835 2057; x_wconf 80' lang='grc' dir='ltr'><strong><em>ἐξοχὰς</em></strong></span> <span class='ocrx_word' id='word_1_167' title='bbox 874 1988 1082 2059; x_wconf 79' lang='grc' dir='ltr'><strong><em>σιδήρῳ</em></strong></span> <span class='ocrx_word' id='word_1_168' title='bbox 1122 1988 1576 2055; x_wconf 84' lang='grc' dir='ltr'><strong><em>κατεργαζόμενοι</em></strong></span> <span class='ocrx_word' id='word_1_169' title='bbox 1608 1985 1899 2054; x_wconf 87' lang='grc' dir='ltr'><strong><em>χθαμαλὸν</em></strong></span> 
     </span>
     <span class='ocr_line' id='line_1_23' title="bbox 211 2071 1900 2146; baseline -0.002 -18"><span class='ocrx_word' id='word_1_170' title='bbox 211 2075 438 2129; x_wconf 90' lang='grc' dir='ltr'><strong><em>ἐποίουν</em></strong></span> <span class='ocrx_word' id='word_1_171' title='bbox 475 2076 655 2128; x_wconf 89' lang='grc' dir='ltr'><strong><em>πάντα</em></strong></span> <span class='ocrx_word' id='word_1_172' title='bbox 693 2078 791 2129; x_wconf 92' lang='grc' dir='ltr'><strong><em>τὸν</em></strong></span> <span class='ocrx_word' id='word_1_173' title='bbox 830 2085 1012 2146; x_wconf 81' lang='grc' dir='ltr'><strong><em>χῶρον</em></strong></span> <span class='ocrx_word' id='word_1_174' title='bbox 1053 2075 1160 2128; x_wconf 90' lang='grc' dir='ltr'><strong><em>ἀπὸ</em></strong></span> <span class='ocrx_word' id='word_1_175' title='bbox 1200 2083 1300 2128; x_wconf 89' lang='grc' dir='ltr'><strong><em>τοῦ</em></strong></span> <span class='ocrx_word' id='word_1_176' title='bbox 1340 2078 1570 2127; x_wconf 86' lang='grc' dir='ltr'><strong><em>Σκοποῦ</em></strong></span> <span class='ocrx_word' id='word_1_177' title='bbox 1600 2071 1758 2143; x_wconf 89' lang='grc' dir='ltr'><strong><em>μέχρι</em></strong></span> <span class='ocrx_word' id='word_1_178' title='bbox 1788 2081 1900 2125; x_wconf 82' lang='grc' dir='ltr'><strong><em>τῶν</em></strong></span> 
     </span>
     <span class='ocr_line' id='line_1_24' title="bbox 201 2161 1898 2236; baseline -0.001 -21"><span class='ocrx_word' id='word_1_179' title='bbox 201 2162 460 2236; x_wconf 23' lang='grc' dir='ltr'><strong><em>“Ηρώ,δου</em></strong></span> <span class='ocrx_word' id='word_1_180' title='bbox 493 2166 797 2232; x_wconf 88' lang='grc' dir='ltr'><strong><em>μνημείων,</em></strong></span> <span class='ocrx_word' id='word_1_181' title='bbox 839 2164 871 2216; x_wconf 78' lang='grc' dir='ltr'>ἃ</span> <span class='ocrx_word' id='word_1_182' title='bbox 911 2172 1168 2233; x_wconf 78' lang='grc' dir='ltr'><strong><em>προσεῖχε</em></strong></span> <span class='ocrx_word' id='word_1_183' title='bbox 1208 2170 1272 2232; x_wconf 74' lang='grc' dir='ltr'><strong><em>τῇ</em></strong></span> <span class='ocrx_word' id='word_1_184' title='bbox 1311 2170 1422 2214; x_wconf 83' lang='grc' dir='ltr'><strong><em>τῶν</em></strong></span> <span class='ocrx_word' id='word_1_185' title='bbox 1446 2161 1670 2231; x_wconf 71' lang='grc' dir='ltr'><strong><em>’Όφεων</em></strong></span> <span class='ocrx_word' id='word_1_186' title='bbox 1699 2165 1898 2214; x_wconf 92' lang='grc' dir='ltr'><strong><em>καλου-</em></strong></span> 
     </span>
     <span class='ocr_line' id='line_1_25' title="bbox 207 2251 766 2324; baseline 0 -19"><span class='ocrx_word' id='word_1_187' title='bbox 207 2251 344 2323; x_wconf 80' lang='grc' dir='ltr'><strong><em>μένῃ</em></strong></span> <span class='ocrx_word' id='word_1_188' title='bbox 383 2254 766 2324; x_wconf 79' lang='grc' dir='ltr'><strong><em>κολυμβήθρᾳ.</em></strong></span> 
     </span>
    </p>

    <p class='ocr_par' dir='ltr' id='par_1_4' title="bbox 202 2337 1972 2942">
     <span class='ocr_line' id='line_1_26' title="bbox 320 2337 1964 2410; baseline 0 -18"><span class='ocrx_word' id='word_1_189' title='bbox 320 2341 504 2410; x_wconf 85' lang='grc'>&lt;109&gt;</span> <span class='ocrx_word' id='word_1_190' title='bbox 548 2341 685 2394; x_wconf 79' lang='grc' dir='ltr'><strong><em>κατὰ</em></strong></span> <span class='ocrx_word' id='word_1_191' title='bbox 731 2341 931 2404; x_wconf 89' lang='grc' dir='ltr'><strong><em>ταύτας</em></strong></span> <span class='ocrx_word' id='word_1_192' title='bbox 976 2342 1074 2404; x_wconf 77' lang='grc' dir='ltr'><strong><em>τὰς</em></strong></span> <span class='ocrx_word' id='word_1_193' title='bbox 1120 2339 1323 2410; x_wconf 78' lang='grc' dir='ltr'><strong><em>ἡμέρας</em></strong></span> <span class='ocrx_word' id='word_1_194' title='bbox 1369 2340 1427 2394; x_wconf 80' lang='grc' dir='ltr'><strong><em>οἰ</em></strong></span> <span class='ocrx_word' id='word_1_195' title='bbox 1462 2337 1722 2392; x_wconf 82' lang='grc' dir='ltr'><strong><em>Ἰουδαῖοι</em></strong></span> <span class='ocrx_word' id='word_1_196' title='bbox 1761 2338 1897 2391; x_wconf 82' lang='grc' dir='ltr'><strong><em>κατὰ</em></strong></span> <span class='ocrx_word' id='word_1_197' title='bbox 1920 2358 1964 2392; x_wconf 82' lang='lat'><strong><em>25</em></strong></span> 
     </span>
     <span class='ocr_line' id='line_1_27' title="bbox 206 2427 1895 2499; baseline -0.002 -17"><span class='ocrx_word' id='word_1_198' title='bbox 206 2437 316 2483; x_wconf 81' lang='grc' dir='ltr'><strong><em>τῶν</em></strong></span> <span class='ocrx_word' id='word_1_199' title='bbox 350 2428 630 2498; x_wconf 89' lang='grc' dir='ltr'><strong><em>Ῥωμαίων</em></strong></span> <span class='ocrx_word' id='word_1_200' title='bbox 671 2428 904 2499; x_wconf 86' lang='grc' dir='ltr'><strong><em>ἐνέδραν</em></strong></span> <span class='ocrx_word' id='word_1_201' title='bbox 946 2430 1374 2493; x_wconf 82' lang='grc' dir='ltr'><strong><em>συσκευάζονται</em></strong></span> <span class='ocrx_word' id='word_1_202' title='bbox 1411 2428 1649 2481; x_wconf 89' lang='grc' dir='ltr'><strong><em>τοιάνδε.</em></strong></span> <span class='ocrx_word' id='word_1_203' title='bbox 1713 2427 1895 2494; x_wconf 90' lang='grc'>&lt;110&gt;</span> 
     </span>
     <span class='ocr_line' id='line_1_28' title="bbox 204 2514 1895 2586; baseline -0.002 -16"><span class='ocrx_word' id='word_1_204' title='bbox 204 2526 316 2570; x_wconf 83' lang='grc' dir='ltr'><strong><em>τῶν</em></strong></span> <span class='ocrx_word' id='word_1_205' title='bbox 357 2521 700 2571; x_wconf 82' lang='grc' dir='ltr'><strong><em>στασιαστῶν</em></strong></span> <span class='ocrx_word' id='word_1_206' title='bbox 741 2518 799 2570; x_wconf 74' lang='grc' dir='ltr'><strong><em>οὗ</em></strong></span> <span class='ocrx_word' id='word_1_207' title='bbox 833 2515 934 2586; x_wconf 78' lang='grc' dir='ltr'><strong><em>μὲν</em></strong></span> <span class='ocrx_word' id='word_1_208' title='bbox 966 2519 1359 2586; x_wconf 87' lang='grc' dir='ltr'><strong><em>τολμηρότεροι</em></strong></span> <span class='ocrx_word' id='word_1_209' title='bbox 1390 2517 1762 2584; x_wconf 88' lang='grc' dir='ltr'><strong><em>προελθόντες</em></strong></span> <span class='ocrx_word' id='word_1_210' title='bbox 1795 2514 1895 2579; x_wconf 79' lang='grc' dir='ltr'><strong><em>ἔξω</em></strong></span> 
     </span>
     <span class='ocr_line' id='line_1_29' title="bbox 204 2602 1897 2675; baseline -0.001 -17"><span class='ocrx_word' id='word_1_211' title='bbox 204 2615 315 2659; x_wconf 83' lang='grc' dir='ltr'><strong><em>τῶν</em></strong></span> <span class='ocrx_word' id='word_1_212' title='bbox 347 2609 691 2659; x_wconf 89' lang='grc' dir='ltr'><strong><em>Γυναικείων</em></strong></span> <span class='ocrx_word' id='word_1_213' title='bbox 721 2604 1081 2674; x_wconf 85' lang='grc' dir='ltr'><strong><em>καλουμένων</em></strong></span> <span class='ocrx_word' id='word_1_214' title='bbox 1111 2606 1362 2675; x_wconf 89' lang='grc' dir='ltr'><strong><em>πύργων,</em></strong></span> <span class='ocrx_word' id='word_1_215' title='bbox 1401 2604 1474 2666; x_wconf 83' lang='grc' dir='ltr'><strong><em>ὡς</em></strong></span> <span class='ocrx_word' id='word_1_216' title='bbox 1505 2602 1897 2672; x_wconf 87' lang='grc' dir='ltr'><strong><em>ἐκβεβλημένοι</em></strong></span> 
     </span>
     <span class='ocr_line' id='line_1_30' title="bbox 205 2690 1898 2765; baseline -0.001 -19"><span class='ocrx_word' id='word_1_217' title='bbox 205 2696 381 2762; x_wconf 83' lang='grc' dir='ltr'><strong><em>δῆθεν</em></strong></span> <span class='ocrx_word' id='word_1_218' title='bbox 427 2695 534 2748; x_wconf 86' lang='grc' dir='ltr'><strong><em>ὑπὸ</em></strong></span> <span class='ocrx_word' id='word_1_219' title='bbox 582 2703 694 2748; x_wconf 83' lang='grc' dir='ltr'><strong><em>τῶν</em></strong></span> <span class='ocrx_word' id='word_1_220' title='bbox 742 2696 989 2765; x_wconf 78' lang='grc' dir='ltr'><strong><em>εἰρηνικὰ</em></strong></span> <span class='ocrx_word' id='word_1_221' title='bbox 1035 2694 1402 2765; x_wconf 85' lang='grc' dir='ltr'><strong><em>φρονούντων</em></strong></span> <span class='ocrx_word' id='word_1_222' title='bbox 1449 2690 1541 2745; x_wconf 78' lang='grc' dir='ltr'><strong><em>καὶ</em></strong></span> <span class='ocrx_word' id='word_1_223' title='bbox 1586 2694 1898 2754; x_wconf 89' lang='grc' dir='ltr'><strong><em>δεδοικότες</em></strong></span> 
     </span>
     <span class='ocr_line' id='line_1_31' title="bbox 202 2779 1972 2853; baseline -0.002 -18"><span class='ocrx_word' id='word_1_224' title='bbox 202 2784 304 2851; x_wconf 83' lang='grc' dir='ltr'><strong><em>τὴν</em></strong></span> <span class='ocrx_word' id='word_1_225' title='bbox 342 2792 452 2836; x_wconf 82' lang='grc' dir='ltr'><strong><em>τῶν</em></strong></span> <span class='ocrx_word' id='word_1_226' title='bbox 483 2783 766 2853; x_wconf 88' lang='grc' dir='ltr'><strong><em>Ῥωμαίων</em></strong></span> <span class='ocrx_word' id='word_1_227' title='bbox 807 2785 1033 2852; x_wconf 81' lang='grc' dir='ltr'><strong><em>ἔφοδον,</em></strong></span> <span class='ocrx_word' id='word_1_228' title='bbox 1072 2782 1395 2836; x_wconf 88' lang='grc' dir='ltr'><strong><em>ἀνειλοῦντο</em></strong></span> <span class='ocrx_word' id='word_1_229' title='bbox 1427 2780 1518 2834; x_wconf 88' lang='grc' dir='ltr'><strong><em>καὶ</em></strong></span> <span class='ocrx_word' id='word_1_230' title='bbox 1553 2779 1680 2851; x_wconf 82' lang='grc' dir='ltr'><strong><em>παρ’</em></strong></span> <span class='ocrx_word' id='word_1_231' title='bbox 1729 2780 1893 2849; x_wconf 88' lang='grc' dir='ltr'><strong><em>ἀλλή-</em></strong></span> <span class='ocrx_word' id='word_1_232' title='bbox 1917 2800 1972 2832; x_wconf 74' lang='grc'><strong><em>30,</em></strong></span> 
     </span>
     <span class='ocr_line' id='line_1_32' title="bbox 203 2868 1896 2942; baseline -0.002 -17"><span class='ocrx_word' id='word_1_233' title='bbox 203 2875 336 2935; x_wconf 89' lang='grc' dir='ltr'><strong><em>λους</em></strong></span> <span class='ocrx_word' id='word_1_234' title='bbox 396 2870 769 2941; x_wconf 83' lang='grc' dir='ltr'><strong><em>ὑπέπτησσον·</em></strong></span> <span class='ocrx_word' id='word_1_235' title='bbox 831 2873 1014 2942; x_wconf 88' lang='grc'>&lt;111&gt;</span> <span class='ocrx_word' id='word_1_236' title='bbox 1054 2875 1113 2925; x_wconf 83' lang='grc' dir='ltr'><strong><em>οἳ</em></strong></span> <span class='ocrx_word' id='word_1_237' title='bbox 1162 2868 1223 2924; x_wconf 77' lang='grc' dir='ltr'><strong><em>δὲ</em></strong></span> <span class='ocrx_word' id='word_1_238' title='bbox 1278 2871 1600 2933; x_wconf 89' lang='grc' dir='ltr'><strong><em>διαστάντες</em></strong></span> <span class='ocrx_word' id='word_1_239' title='bbox 1654 2868 1743 2922; x_wconf 83' lang='grc' dir='ltr'><strong><em>ἐπὶ</em></strong></span> <span class='ocrx_word' id='word_1_240' title='bbox 1796 2876 1896 2923; x_wconf 88' lang='grc' dir='ltr'><strong><em>τοῦ</em></strong></span> 
     </span>
    </p>
   </div>
   <div class='ocr_carea' id='block_1_3' title="bbox 2025 148 2032 843">
    <p class='ocr_par' dir='ltr' id='par_1_5' title="bbox 2025 148 2032 843">
     <span class='ocr_line' id='line_1_33' title="bbox 2025 148 2032 843; baseline 0 0"><span class='ocrx_word' id='word_1_241' title='bbox 2025 148 2032 843; x_wconf 95' lang='lat' dir='ltr'><strong><em> </em></strong></span> 
     </span>
    </p>
   </div>
  </div>
 </body>
</html>
