2032 3128
696 144 906 186 ΛοΓοΣ
937 143 1258 186 ΠΡοΤΕΡοΣ
1715 139 1823 192 213

140 280 418 346 θεμελίων
456 276 908 346 ὑποβληθέντων,
956 275 1192 348 δευτέρῳ
1239 275 1406 330 πάλιν
1446 282 1539 343 τῆς
1578 277 1824 343 Δαρείου

141 369 420 433 βασιλείας
465 363 818 434 ἀπετελέσθη.
902 364 1085 435 <155>
1130 366 1434 432 προσθήσω
1483 362 1544 417 δὲ
1596 362 1687 417 καὶ
1731 365 1827 427 τὰς

118 463 250 506 ’τῶν
293 454 574 506 Φοινίκων
614 452 962 523 ἀναγραφάς·
1014 453 1081 506 οὐ
1129 454 1233 522 γὰρ
1279 452 1675 523 παραλειπτέον
1714 463 1825 506 τῶν

140 541 476 604 ἀποδείξεων
506 542 607 609 τὴν
638 545 979 611 περιουσίαν.
1042 543 1155 594 ἔστι
1196 538 1256 593 δὲ
1295 542 1519 610 τοιαύτη
1558 550 1668 594 τῶν
1699 543 1825 611 χρό-

96 649 255 684 5νων
294 629 326 697 ἡ
367 632 780 698 καταρίθμησις.
857 627 1039 698 <156>
1080 626 1184 681 (ἐπ’
1214 629 1553 697 Εἰθωβάλου
1591 637 1690 682 τοῦ
1729 633 1825 698 βα-

140 716 334 780 σιλέως
372 717 728 786 ἐπολιόρκησε
761 719 1332 787 Ναβουχοδονόσορος
1370 718 1471 785 τὴν
1510 717 1694 784 Τύρον
1734 715 1816 769 ἐπ’

138 809 231 875 ἔτη
271 807 634 876 τρισκαίδεκα.
704 806 884 873 (157)
916 806 1048 874 μετὰ
1086 812 1286 858 τοῦτον
1320 804 1637 873 ἐβασίλευσε
1669 807 1823 857 Βαάλ

138 897 228 963 ἔτη
286 893 432 947 δέκα.
515 894 648 961 μετὰ
701 902 900 947 τοῦτον
957 891 1208 946 δικασταὶ
1261 893 1678 962 κατεστάθησαν
1732 893 1824 947 καὶ

137 982 422 1049 ἐδίκασαν,
470 980 791 1051 Ἐκνίβαλος
846 982 1139 1052 Βασλάχου
1196 988 1372 1050 μῆνας
1427 982 1556 1051 δύο,
1613 980 1825 1050 Χέλβης

71 1069 392 1139 1οἈβδαίου
424 1077 599 1140 μῆνας
631 1070 779 1136 δέκα,
812 1069 1089 1140 ’Ἀββαρος
1127 1070 1412 1141 ἀρχιερεὺς
1449 1078 1624 1139 μῆνας
1662 1079 1825 1139 τρεῖς,

137 1160 439 1222 Μύττυνος
482 1157 574 1212 καὶ
621 1161 674 1212 Γ
669 1159 999 1229 εράστρατος
1045 1166 1144 1212 τοῦ
1186 1157 1528 1228 Ἀβδηλέμου
1578 1157 1830 1213 δικασταὶ

138 1250 230 1317 ἔτη
294 1247 375 1316 ἕξ,
437 1243 516 1300 ὧν
570 1248 770 1317 μεταξὺ
825 1248 1145 1318 ἐβασίλευσε
1199 1248 1519 1316 Βαλάτορος
1574 1246 1830 1301 ἐνιαυτὸν

138 1337 249 1390 ἕνα.
312 1336 494 1406 <158>
524 1338 726 1390 τούτου
757 1338 1183 1405 τελευτήσαντος
1222 1336 1643 1399 ἀποστείλαντες
1681 1355 1831 1404 μετε-

136 1424 422 1495 πέμψαντο
456 1424 759 1494 Μέρβαλον
801 1426 860 1479 ἐκ
898 1434 992 1495 τῆς
1021 1428 1377 1494 Βαβυλῶνος,
1415 1424 1507 1478 καὶ
1548 1424 1831 1493 ἐβασίλευ-

71 1536 112 1568 15
138 1527 236 1567 σεν
268 1516 358 1582 ἔτη
394 1512 645 1584 τέσσαρα.
714 1515 915 1568 τούτου
953 1516 1380 1583 τελευτήσαντος
1418 1512 1830 1583 μετεπέμψαντο

137 1605 235 1656 τὸν
296 1602 542 1672 ἀδελφὸν
604 1603 779 1656 αὐτοῦ
839 1604 1134 1672 Εἴρωμον,
1196 1603 1255 1666 ὃς
1317 1603 1674 1672 ἐβασίλευσεν
1738 1605 1829 1672 ἔτη

136 1696 359 1745 εἴκοσιν.
453 1690 540 1744 ἐπὶ
603 1693 802 1745 τούτου
857 1694 1043 1761 Κῦρος
1098 1696 1336 1761 Περσῶν
1391 1690 1828 1745 ἐδυνάστευσεν.’

134 1779 316 1849 <159>
356 1780 565 1836 οὐκοῦν
606 1780 635 1833 ὁ
684 1782 899 1849 σύμπας
944 1783 1145 1850 χρόνος
1191 1782 1281 1848 ἔτη
1328 1783 1669 1848 πεντήκοντα
1715 1780 1830 1833 τέτ-

134 1887 273 1934 ταρα
319 1867 410 1922 καὶ
457 1878 603 1939 τρεῖς
649 1876 818 1938 μῆνες
862 1871 999 1938 πρὸς
1045 1869 1256 1931 αὐτοῖς·
1310 1867 1527 1942 ἑβδόμῳ
1575 1865 1676 1937 μὲν
1723 1870 1829 1939 γὰρ

9 1941 15 1944 Δ
68 1979 111 2011 20
135 1959 242 2010 ἔτει
284 1965 379 2027 τῆς
416 1959 1000 2028 Ναβουχοδονοσόρου
1038 1955 1319 2027 βασιλείας
1363 1956 1564 2026 ἤρξατο
1602 1962 1828 2025 πολιορ-

0 3016 25 3128 *ἕψε-7-
0 2969 10 2988 »
0 2944 17 2954 ς
3 2894 20 2918 με
7 2843 21 2871 ,ιο
16 2816 18 2818 «
23 2789 25 2791 ,
16 2756 19 2757 ,

132 2055 252 2098 κεῖν
301 2047 509 2115 Τύρον,
562 2047 1121 2120 τετταρεσκαιδεκάτςο
1170 2045 1219 2098 δ’
1259 2049 1365 2099 ἔτει
1420 2053 1516 2115 τῆς
1560 2047 1825 2115 Εἱρώμου

133 2136 320 2204 Κῦρος
374 2136 403 2189 ὁ
450 2134 671 2205 Πέρσης
723 2137 783 2189 τὸ
838 2136 1037 2205 κράτος
1089 2133 1414 2205 παρέλαβεν.
1503 2135 1685 2203 <16Ο>
1731 2133 1822 2187 καὶ

133 2224 405 2292 σύμφωνα
452 2221 552 2292 μὲν
593 2222 680 2277 ἐπὶ
725 2232 826 2278 τοῦ
872 2231 1014 2278 ναοῦ
1061 2233 1174 2286 τοῖς
1219 2222 1503 2293 ἡμετέροις
1545 2223 1826 2293 γράμμασι

131 2312 197 2363 τὰ
238 2313 535 2365 Χαλδαίων
573 2311 665 2365 καὶ
704 2315 943 2381 Τυρίων,
990 2310 1386 2381 ὡμολογημένη
1428 2308 1491 2364 δὲ
1528 2309 1618 2364 καὶ
1658 2310 1826 2364 ἀναν-

65 2421 107 2454 25
130 2403 385 2470 τίρρητος
421 2401 454 2469 ἡ
495 2402 622 2470 περὶ
661 2410 772 2454 τῶν
804 2400 1112 2470 εἰρημένων
1148 2419 1254 2469 μοι.
1281 2403 1555 2469 μαρτυρία
1593 2408 1688 2469 τῆς
1725 2408 1825 2452 τοῦ

131 2487 328 2557 γένους
369 2490 525 2559 ἡμῶν
565 2489 936 2560 ἀρχαιότητος.

242 2579 422 2647 <161>
455 2588 569 2641 τοῖς
601 2576 702 2647 μὲν
730 2574 834 2632 οὖν
865 2580 938 2647 μὴ
973 2580 1192 2649 σφόδρα
1223 2581 1533 2647 φιλονίκοις
1567 2576 1823 2647 ἀρκέσειν

130 2667 505 2737 ὑπολαμβάνω
543 2668 609 2719 τὰ
648 2666 1039 2736 προειρημένα,
1080 2669 1168 2720 δεῖ
1203 2665 1253 2720 δ’
1282 2669 1387 2736 ἄρα
1427 2665 1517 2719 καὶ
1556 2676 1668 2720 τῶν
1700 2666 1824 2720 ἀπι-

132 2757 415 2809 στούντων
469 2752 571 2825 μὲν
624 2765 743 2819 ταῖς
805 2754 865 2809 ἐν
918 2765 1034 2819 τοῖς
1094 2756 1396 2825 βαρβάροις
1457 2755 1823 2824 ἀναγραφαῖς,

63 2864 108 2898 30
132 2847 324 2914 μόνοις
371 2841 432 2897 δὲ
477 2854 593 2907 τοῖς
629 2842 859 2912 ““Ἐλλησι
906 2846 1185 2898 πιστεύειν
1234 2844 1539 2909 ἀξιούντων
1579 2843 1822 2913 ἀποπλη-

133 2942 307 2999 ρῶσαι
364 2935 466 3003 τὴν
521 2933 859 3003 ἐπιζήτησιν,
920 2932 1010 2986 καὶ
1072 2943 1375 3004 παρασχεῖν
1429 2935 1670 2996 πολλοὺς
1730 2931 1823 2986 καὶ

1856 2592 1912 2631 22
