2032 3128
685 89 894 131 ΛΟΓΟΣ
926 87 1212 129 ΕΒΔοΜοΣ
1686 80 1791 133 155

112 218 173 273 δὲ
227 229 533 290 στρατηγοῦ
586 222 943 283 κελεύσαντος
997 222 1212 289 γυμνὸν
1263 220 1548 286 διαλαβεῖν
1599 216 1787 281 αὐτόν,

109 307 200 361 καὶ
253 311 694 376 καταστήσαντας
747 311 825 372 εἰς
874 310 935 362 τὸ
990 310 1383 377 φανερώτατον
1429 315 1545 368 τοῖς
1594 304 1652 358 ἐκ
1697 310 1792 371 τῆς

109 394 319 453 πόλεως
359 395 729 459 ἀποβλέπουσι
768 395 1018 465 μάστιξιν
1050 398 1369 463 αἰκίζεσθαι,
1410 395 1626 464 σφόδρα
1665 394 1793 453 τοὺς

107 477 410 541 Ἰουδαίους
440 481 500 532 τὸ
539 482 665 547 περὶ
696 485 794 532 τὸν
825 487 1051 536 νεανίαν
1083 484 1263 541 πάθος
1295 482 1571 548 συνέχεεν,
1612 479 1793 549 ἀθρόα

66 564 172 620 5θ’
211 568 244 635 ἡ
291 569 450 629 πόλις
496 565 780 638 ἀνῴμωξε,
832 566 922 620 καὶ
968 573 1180 636 θρῆνος
1224 562 1295 634 ἦν
1341 568 1536 634 μείζων
1576 563 1609 631 ἢ
1656 565 1786 617 καθ’

112 653 235 717 ἑνὸς
264 654 466 723 ἀνδρὸς
497 654 805 722 συμφοράν.
850 655 1032 723 <201>
1060 661 1224 707 τοῦτο
1251 654 1497 706 συνιδὼν
1522 652 1551 705 ὁ
1576 652 1796 715 Βάσσος

109 744 244 796 κατὰ
293 752 403 795 τῶν
448 743 726 808 πολεμίων
773 742 947 810 ἀρχὴν
996 742 1286 810 ἐποιήσατο
1334 743 1794 811 στρατηγήματος,

109 829 201 881 καὶ
238 827 539 898 βουληθεὶς
578 828 760 881 αὐτῶν
794 829 1056 882 ἐπιτεῖναι
1095 832 1157 883 τὸ
1196 828 1503 897 περιαλγές,
1543 831 1635 882 ἵνα
1674 833 1794 898 βια-

110 922 326 970 σθῶσιν
378 915 500 969 ἀντὶ
549 924 646 984 τῆς
699 919 968 984 σωτηρίας
1018 917 1254 985 τάνδρὸς
1303 919 1643 985 ποιήσασθαι
1694 925 1795 971 τοῦ

42 1027 86 1059 10
110 1009 384 1075 φρουρίου
415 1005 743 1074 παράδοσιν,
775 1012 868 1072 τῆς
900 1004 1121 1068 ἐλπίδος
1153 1006 1219 1059 οὐ
1253 1007 1566 1076 διήμαρτεν.
1615 1005 1795 1073 (202)

110 1092 139 1146 ὃ
171 1091 274 1163 μὲν
305 1094 409 1163 γὰρ
442 1090 738 1163 προσέταξε
773 1095 1188 1163 καταπηγνύναι
1222 1097 1463 1163 σταυρὸν
1496 1095 1569 1156 ὡς
1600 1094 1795 1147 αὐτίκα

107 1191 325 1251 κρεμῶν
378 1183 476 1235 τὸν
525 1179 872 1251 Ἐλεάζαρον·
934 1192 1048 1245 τοῖς
1103 1180 1151 1234 δ’
1201 1182 1305 1236 ἀπὸ
1361 1191 1460 1236 τοῦ
1518 1186 1794 1253 φρουρίου

107 1277 269 1323 τοῦτο
325 1268 690 1338 θεασαμένοις
740 1270 913 1340 ὀδύνη
961 1291 1016 1323 τε
1070 1274 1275 1323 πλείων
1321 1270 1650 1340 προσέπεσε,
1704 1270 1794 1324 καὶ

109 1359 410 1426 διωλύγιον
457 1356 773 1430 ἀνῴμωζον,
821 1359 923 1412 οὐκ
970 1359 1272 1428 ἀνασχετὸν
1318 1355 1461 1412 εἶναι
1507 1360 1567 1412 τὸ
1614 1360 1796 1423 πάθος

40 1467 84 1500 15
107 1450 360 1515 βοῶντες.
437 1446 620 1515 <203>
667 1446 911 1500 ἐνταῦθα
958 1447 1026 1515 δὴ
1073 1450 1267 1500 τοίνυν
1316 1444 1634 1518 Ἐλεάζαρος
1689 1447 1794 1501 ἰκέ-

106 1555 267 1588 τευεν
305 1534 506 1598 αὐτοὺς
543 1532 666 1604 μήτ’
701 1536 872 1588 αὐτὸν
906 1536 1175 1605 περιιδεῖν
1207 1536 1580 1605 ὑπομείναντα
1618 1537 1795 1590 θανά-

107 1644 218 1676 των
263 1625 361 1677 τὸν
410 1629 705 1692 οἴκτιστον,
753 1622 844 1676 καὶ
893 1627 1087 1692 σφίσιν
1135 1623 1320 1686 αὐτοῖς
1366 1625 1467 1692 τὴν
1517 1628 1793 1696 σωτηρίαν

105 1722 408 1782 παρασχεῖν
445 1719 510 1782 τῇ
542 1710 821 1781 Ῥωμαίων
862 1712 1112 1776 εἴξαντας
1151 1714 1299 1781 ἰσχύι
1338 1710 1428 1765 καὶ
1467 1714 1622 1784 τύχῃ,
1661 1715 1794 1782 μετὰ

105 1801 314 1864 πάντας
365 1802 471 1870 ἤδη
526 1799 970 1871 κεχειρωμένους.
1055 1801 1237 1869 <204>
1289 1804 1346 1854 οἳ
1397 1798 1458 1853 δὲ
1513 1801 1603 1855 καὶ
1656 1804 1795 1872 πρὸς

8 1911 82 1942 ,20
105 1892 234 1952 τοὺς
274 1889 487 1943 ἐκείνου
528 1892 728 1958 λόγους
767 1892 1193 1958 κατακλώμενοι,
1236 1887 1327 1942 καὶ
1365 1894 1588 1943 πολλῶν
1626 1892 1793 1944 ἔνδον

105 1975 242 2047 ὑπὲρ
283 1978 455 2031 αὐτοῦ
495 1977 776 2047 δεομένων
811 1973 904 2048 (ἦν
935 1979 1039 2048 γὰρ
1073 1977 1131 2031 ἐκ
1170 1978 1407 2047 μεγάλης
1445 1976 1535 2031 καὶ
1558 1979 1793 2048 ,σφόδρα

103 2068 555 2136 πολυανθρώπου
588 2065 953 2138 συγγενείας),
983 2068 1130 2136 παρὰ
1161 2068 1263 2136 τὴν
1295 2066 1479 2120 αὑτῶν
1510 2067 1684 2135 φύσιν
1714 2069 1795 2131 εἰς

104 2152 291 2209 οἶκτον
345 2155 650 2224 ἐνέδωκαν,
713 2155 895 2224 <205>
958 2159 1053 2208 καί
1110 2175 1262 2219 τινας
1315 2154 1792 2220 ἐξαποστείλαντες

102 2245 238 2297 κατὰ
284 2245 445 2314 τάχος
492 2243 807 2312 διελέγοντο
857 2250 1142 2298 ποιεῖσθαι
1187 2245 1288 2313 τὴν
1334 2244 1645 2315 παράδοσιν
1691 2252 1792 2297 τοῦ

35 2352 79 2385 25
104 2335 381 2403 φρουρίου
428 2332 735 2401 ἀξιοῦντες,
786 2330 861 2385 ἵν’
895 2331 1074 2394 ἀδεεῖς
1121 2331 1593 2401 ἀπαλλάττωνται,
1638 2353 1794 2402 κομι-

104 2423 333 2491 σάμενοι
386 2423 485 2475 τὸν
536 2420 873 2491 Ἐλεάζαρον.
964 2420 1144 2490 <206>
1199 2419 1512 2490 δεξαμένων
1568 2417 1630 2475 δὲ
1682 2430 1792 2474 τῶν

95 2509 374 2580 Ῥωμαίων
412 2508 502 2563 καὶ
542 2517 642 2563 τοῦ
676 2517 984 2580 στρατηγοῦ
1021 2518 1210 2577 ταῦτα,
1249 2512 1311 2564 τὸ
1343 2514 1559 2579 πλῆθος
1589 2519 1699 2563 τῶν
1731 2510 1793 2563 ἐν

102 2607 166 2669 τῇ
214 2599 360 2652 κάτω
405 2601 582 2667 πόλει,
628 2600 730 2667 τὴν
770 2595 1143 2667 γεγενημένην
1183 2599 1299 2670 ι’δία
1344 2608 1458 2661 τοῖς
1499 2595 1793 2660 Ἰουδαίοις

101 2678 414 2764 πυθόμενοι
439 2689 735 2757 σύμβασιν,
768 2684 926 2740 αὐτοὶ
957 2688 1093 2739 κατὰ
1126 2688 1298 2740 νύκτα
1323 2689 1593 2750 λαθόντες
1624 2689 1793 2755 ἔγνω-

33 2796 78 2829 30
103 2789 208 2829 σαν
247 2775 572 2846 ἀποδρᾶναι.
649 2775 832 2844 <207>
870 2776 967 2838 τὰς
1011 2776 1189 2839 πύλας
1235 2773 1287 2828 δ’
1315 2774 1500 2828 αὐτῶν
1540 2774 1794 2839 ἀνοιξάν-

100 2884 213 2917 των
259 2866 406 2935 παρὰ
452 2874 564 2918 τῶν
603 2865 705 2933 τὴν
745 2863 1046 2933 ὁμολογίαν
1088 2861 1474 2932 πεποιημένων
1512 2865 1650 2934 πρὸς
1693 2867 1793 2918 τὸν
