<?xml version="1.0" encoding="UTF-8"?>
<!DOCTYPE html PUBLIC "-//W3C//DTD XHTML 1.0 Transitional//EN"
    "http://www.w3.org/TR/xhtml1/DTD/xhtml1-transitional.dtd">
<html xmlns="http://www.w3.org/1999/xhtml" xml:lang="en" lang="en">
 <head>
  <title>
</title>
<meta http-equiv="Content-Type" content="text/html;charset=utf-8" />
  <meta name='ocr-system' content='tesseract 3.04.00' />
  <meta name='ocr-capabilities' content='ocr_page ocr_carea ocr_par ocr_line ocrx_word'/>
</head>
<body>
  <div class='ocr_page' id='page_1' title='image "./flaviiiosephiope06joseuoft_0197.png"; bbox 0 0 2032 3128; ppageno 0'>
   <div class='ocr_carea' id='block_1_1' title="bbox 715 98 1814 150">
    <p class='ocr_par' dir='ltr' id='par_1_1' title="bbox 715 98 1814 150">
     <span class='ocr_line' id='line_1_1' title="bbox 715 98 1814 150; baseline 0.005 -6"><span class='ocrx_word' id='word_1_1' title='bbox 715 104 925 145; x_wconf 71' lang='grc' dir='ltr'><strong>ΛΟΓΟΣ</strong></span> <span class='ocrx_word' id='word_1_2' title='bbox 958 104 1247 146; x_wconf 83' lang='grc' dir='ltr'><strong><em>ΕΒΔοΜοΣ</em></strong></span> <span class='ocrx_word' id='word_1_3' title='bbox 1713 98 1814 150; x_wconf 88' lang='grc'><strong><em>141</em></strong></span> 
     </span>
    </p>
   </div>
   <div class='ocr_carea' id='block_1_2' title="bbox 13 232 1839 2955">
    <p class='ocr_par' dir='ltr' id='par_1_2' title="bbox 71 232 1832 1803">
     <span class='ocr_line' id='line_1_2' title="bbox 134 232 1822 305; baseline -0.002 -17"><span class='ocrx_word' id='word_1_4' title='bbox 134 237 567 299; x_wconf 87' lang='grc' dir='ltr'><strong><em>παραδεδόσθαι.</em></strong></span> <span class='ocrx_word' id='word_1_5' title='bbox 617 237 767 304; x_wconf 85' lang='grc'>&lt;80&gt;·</span> <span class='ocrx_word' id='word_1_6' title='bbox 800 235 1003 305; x_wconf 81' lang='grc' dir='ltr'><em>ἐνῆγον</em></span> <span class='ocrx_word' id='word_1_7' title='bbox 1043 233 1104 289; x_wconf 79' lang='grc' dir='ltr'><strong><em>δὲ</em></strong></span> <span class='ocrx_word' id='word_1_8' title='bbox 1143 238 1204 290; x_wconf 92' lang='grc' dir='ltr'><strong><em>τὸ</em></strong></span> <span class='ocrx_word' id='word_1_9' title='bbox 1244 237 1525 305; x_wconf 83' lang='grc' dir='ltr'><em>βούλευμα</em></span> <span class='ocrx_word' id='word_1_10' title='bbox 1564 232 1654 287; x_wconf 86' lang='grc' dir='ltr'><strong><em>καὶ</em></strong></span> <span class='ocrx_word' id='word_1_11' title='bbox 1693 234 1822 286; x_wconf 88' lang='grc' dir='ltr'><strong><em>ταύ-</em></strong></span> 
     </span>
     <span class='ocr_line' id='line_1_3' title="bbox 134 319 1822 393; baseline -0.001 -18"><span class='ocrx_word' id='word_1_12' title='bbox 134 343 251 386; x_wconf 98' lang='grc' dir='ltr'><strong><em>ταις</em></strong></span> <span class='ocrx_word' id='word_1_13' title='bbox 298 324 499 386; x_wconf 86' lang='grc' dir='ltr'><strong><em>αὐτοὺς</em></strong></span> <span class='ocrx_word' id='word_1_14' title='bbox 543 333 662 387; x_wconf 82' lang='grc' dir='ltr'><strong><em>ταῖς</em></strong></span> <span class='ocrx_word' id='word_1_15' title='bbox 709 324 925 378; x_wconf 83' lang='grc' dir='ltr'><strong><em>ἐλπίσιν</em></strong></span> <span class='ocrx_word' id='word_1_16' title='bbox 972 324 1216 393; x_wconf 82' lang='grc' dir='ltr'><strong><em>ἐτύφουν</em></strong></span> <span class='ocrx_word' id='word_1_17' title='bbox 1254 325 1568 386; x_wconf 78' lang='grc' dir='ltr'><em>Κλασσικός</em></span> <span class='ocrx_word' id='word_1_18' title='bbox 1613 342 1694 384; x_wconf 89' lang='grc' dir='ltr'><strong><em>τις</em></strong></span> <span class='ocrx_word' id='word_1_19' title='bbox 1731 319 1822 374; x_wconf 85' lang='grc' dir='ltr'><strong><em>καὶ</em></strong></span> 
     </span>
     <span class='ocr_line' id='line_1_4' title="bbox 129 407 1828 482; baseline 0 -21"><span class='ocrx_word' id='word_1_20' title='bbox 129 408 386 471; x_wconf 76' lang='grc' dir='ltr'><strong><em>’δίτιλλος</em></strong></span> <span class='ocrx_word' id='word_1_21' title='bbox 440 421 549 464; x_wconf 86' lang='grc' dir='ltr'><strong><em>τῶν</em></strong></span> <span class='ocrx_word' id='word_1_22' title='bbox 603 407 730 482; x_wconf 89' lang='grc' dir='ltr'><strong><em>παρ’</em></strong></span> <span class='ocrx_word' id='word_1_23' title='bbox 777 417 964 475; x_wconf 82' lang='grc' dir='ltr'><strong><em>αὐτοῖς</em></strong></span> <span class='ocrx_word' id='word_1_24' title='bbox 1010 413 1163 474; x_wconf 83' lang='grc' dir='ltr'><strong><em>ὄντες</em></strong></span> <span class='ocrx_word' id='word_1_25' title='bbox 1208 412 1524 480; x_wconf 78' lang='grc' dir='ltr'><strong><em>ἡγεμόνων,</em></strong></span> <span class='ocrx_word' id='word_1_26' title='bbox 1585 411 1730 479; x_wconf 78' lang='lat'>(81)</span> <span class='ocrx_word' id='word_1_27' title='bbox 1770 412 1828 462; x_wconf 79' lang='grc' dir='ltr'><strong><em>οἳ</em></strong></span> 
     </span>
     <span class='ocr_line' id='line_1_5' title="bbox 138 494 1825 567; baseline -0.001 -18"><span class='ocrx_word' id='word_1_28' title='bbox 138 499 309 565; x_wconf 81' lang='grc' dir='ltr'><strong><em>δῆλον</em></strong></span> <span class='ocrx_word' id='word_1_29' title='bbox 355 494 456 565; x_wconf 74' lang='grc' dir='ltr'><strong><em>μὲν</em></strong></span> <span class='ocrx_word' id='word_1_30' title='bbox 503 498 576 559; x_wconf 85' lang='grc' dir='ltr'><strong><em>ὡς</em></strong></span> <span class='ocrx_word' id='word_1_31' title='bbox 623 499 682 550; x_wconf 88' lang='grc' dir='ltr'><strong><em>ἐκ</em></strong></span> <span class='ocrx_word' id='word_1_32' title='bbox 730 507 943 567; x_wconf 79' lang='grc' dir='ltr'><strong><em>μακροῦ</em></strong></span> <span class='ocrx_word' id='word_1_33' title='bbox 988 501 1188 566; x_wconf 80' lang='grc' dir='ltr'><strong><em>ταύτης</em></strong></span> <span class='ocrx_word' id='word_1_34' title='bbox 1239 497 1460 564; x_wconf 80' lang='grc' dir='ltr'><strong><em>ἐφίεντο</em></strong></span> <span class='ocrx_word' id='word_1_35' title='bbox 1499 503 1595 564; x_wconf 81' lang='grc' dir='ltr'><strong><em>τῆς</em></strong></span> <span class='ocrx_word' id='word_1_36' title='bbox 1632 517 1825 549; x_wconf 84' lang='grc' dir='ltr'><strong><em>νεωτε-</em></strong></span> 
     </span>
     <span class='ocr_line' id='line_1_6' title="bbox 92 582 1827 654; baseline -0.002 -15"><span class='ocrx_word' id='word_1_37' title='bbox 92 588 419 654; x_wconf 81' lang='grc' dir='ltr'><strong><em>5ροποιίας,</em></strong></span> <span class='ocrx_word' id='word_1_38' title='bbox 467 585 573 638; x_wconf 85' lang='grc' dir='ltr'><strong><em>ὑπὸ</em></strong></span> <span class='ocrx_word' id='word_1_39' title='bbox 622 593 722 638; x_wconf 89' lang='grc' dir='ltr'><strong><em>τοῦ</em></strong></span> <span class='ocrx_word' id='word_1_40' title='bbox 769 593 966 653; x_wconf 79' lang='grc' dir='ltr'><strong><em>καιροῦ</em></strong></span> <span class='ocrx_word' id='word_1_41' title='bbox 1014 582 1075 637; x_wconf 78' lang='grc' dir='ltr'><strong><em>δὲ</em></strong></span> <span class='ocrx_word' id='word_1_42' title='bbox 1125 590 1407 653; x_wconf 79' lang='grc' dir='ltr'><strong><em>θαρρῆσαι</em></strong></span> <span class='ocrx_word' id='word_1_43' title='bbox 1453 583 1827 654; x_wconf 79' lang='grc' dir='ltr'><strong><em>προαχθέντες</em></strong></span> 
     </span>
     <span class='ocr_line' id='line_1_7' title="bbox 136 669 1827 742; baseline -0.001 -16"><span class='ocrx_word' id='word_1_44' title='bbox 136 675 237 742; x_wconf 86' lang='grc' dir='ltr'><strong><em>τὴν</em></strong></span> <span class='ocrx_word' id='word_1_45' title='bbox 284 673 468 726; x_wconf 84' lang='grc' dir='ltr'><strong><em>αὑτῶν</em></strong></span> <span class='ocrx_word' id='word_1_46' title='bbox 516 670 743 741; x_wconf 77' lang='grc' dir='ltr'><strong><em>γνώμην</em></strong></span> <span class='ocrx_word' id='word_1_47' title='bbox 785 672 1071 741; x_wconf 81' lang='grc' dir='ltr'><strong><em>ἐξέφηναν.</em></strong></span> <span class='ocrx_word' id='word_1_48' title='bbox 1150 675 1382 741; x_wconf 83' lang='grc' dir='ltr'><strong><em>ἔμελλον</em></strong></span> <span class='ocrx_word' id='word_1_49' title='bbox 1422 669 1482 725; x_wconf 77' lang='grc' dir='ltr'><strong><em>δὲ</em></strong></span> <span class='ocrx_word' id='word_1_50' title='bbox 1523 673 1827 739; x_wconf 76' lang='grc' dir='ltr'><strong><em>προθύμως</em></strong></span> 
     </span>
     <span class='ocr_line' id='line_1_8' title="bbox 138 759 1826 830; baseline -0.001 -16"><span class='ocrx_word' id='word_1_51' title='bbox 138 759 506 830; x_wconf 78' lang='grc' dir='ltr'><strong><em>διακειμένοις</em></strong></span> <span class='ocrx_word' id='word_1_52' title='bbox 573 762 675 828; x_wconf 88' lang='grc' dir='ltr'><strong><em>τὴν</em></strong></span> <span class='ocrx_word' id='word_1_53' title='bbox 736 770 933 829; x_wconf 80' lang='grc' dir='ltr'><strong><em>πεῖραν</em></strong></span> <span class='ocrx_word' id='word_1_54' title='bbox 995 770 1110 823; x_wconf 77' lang='grc' dir='ltr'><strong><em>τοῖς</em></strong></span> <span class='ocrx_word' id='word_1_55' title='bbox 1170 763 1410 827; x_wconf 76' lang='grc' dir='ltr'><strong><em>πλήθεσι</em></strong></span> <span class='ocrx_word' id='word_1_56' title='bbox 1470 759 1826 830; x_wconf 84' lang='grc' dir='ltr'><strong><em>προσφέρειν.</em></strong></span> 
     </span>
     <span class='ocr_line' id='line_1_9' title="bbox 138 847 1827 918; baseline -0.001 -16"><span class='ocrx_word' id='word_1_57' title='bbox 138 850 284 916; x_wconf 82' lang='grc'>&lt;82&gt;</span> <span class='ocrx_word' id='word_1_58' title='bbox 322 852 533 902; x_wconf 89' lang='grc' dir='ltr'><strong><em>πολλοῦ</em></strong></span> <span class='ocrx_word' id='word_1_59' title='bbox 573 850 641 916; x_wconf 87' lang='grc' dir='ltr'><strong><em>δὴ</em></strong></span> <span class='ocrx_word' id='word_1_60' title='bbox 682 847 884 917; x_wconf 80' lang='grc' dir='ltr'><strong><em>μέρους</em></strong></span> <span class='ocrx_word' id='word_1_61' title='bbox 921 850 1027 917; x_wconf 77' lang='grc' dir='ltr'><strong><em>ἤδη</em></strong></span> <span class='ocrx_word' id='word_1_62' title='bbox 1066 858 1178 902; x_wconf 83' lang='grc' dir='ltr'><strong><em>τῶν</em></strong></span> <span class='ocrx_word' id='word_1_63' title='bbox 1215 851 1517 918; x_wconf 86' lang='grc' dir='ltr'><strong><em>Γερμανῶν</em></strong></span> <span class='ocrx_word' id='word_1_64' title='bbox 1554 850 1655 917; x_wconf 85' lang='grc' dir='ltr'><strong><em>τὴν</em></strong></span> <span class='ocrx_word' id='word_1_65' title='bbox 1695 847 1827 901; x_wconf 92' lang='grc' dir='ltr'><strong><em>ἀπό-</em></strong></span> 
     </span>
     <span class='ocr_line' id='line_1_10' title="bbox 139 935 1828 1005; baseline -0.001 -16"><span class='ocrx_word' id='word_1_66' title='bbox 139 951 335 989; x_wconf 91' lang='grc' dir='ltr'><strong><em>στασιν</em></strong></span> <span class='ocrx_word' id='word_1_67' title='bbox 388 936 879 1004; x_wconf 82' lang='grc' dir='ltr'><strong><em>ἀνωμολογηκότος</em></strong></span> <span class='ocrx_word' id='word_1_68' title='bbox 931 935 1021 989; x_wconf 85' lang='grc' dir='ltr'><strong><em>καὶ</em></strong></span> <span class='ocrx_word' id='word_1_69' title='bbox 1075 947 1187 990; x_wconf 85' lang='grc' dir='ltr'><strong><em>τῶν</em></strong></span> <span class='ocrx_word' id='word_1_70' title='bbox 1234 938 1419 990; x_wconf 92' lang='grc' dir='ltr'><strong><em>ἄλλων</em></strong></span> <span class='ocrx_word' id='word_1_71' title='bbox 1474 937 1575 990; x_wconf 84' lang='grc' dir='ltr'><strong><em>οὐκ</em></strong></span> <span class='ocrx_word' id='word_1_72' title='bbox 1629 937 1828 1005; x_wconf 79' lang='grc' dir='ltr'><strong><em>ἄνδιχα</em></strong></span> 
     </span>
     <span class='ocr_line' id='line_1_11' title="bbox 71 1023 1828 1095; baseline -0.002 -15"><span class='ocrx_word' id='word_1_73' title='bbox 71 1049 116 1080; x_wconf 89' lang='lat'><strong><em>10</em></strong></span> <span class='ocrx_word' id='word_1_74' title='bbox 139 1024 571 1095; x_wconf 79' lang='grc' dir='ltr'><strong><em>φρονησάντων,</em></strong></span> <span class='ocrx_word' id='word_1_75' title='bbox 626 1025 809 1094; x_wconf 80' lang='grc' dir='ltr'><strong><em>ὥσπερ</em></strong></span> <span class='ocrx_word' id='word_1_76' title='bbox 862 1023 920 1077; x_wconf 93' lang='grc' dir='ltr'><strong><em>ἐκ</em></strong></span> <span class='ocrx_word' id='word_1_77' title='bbox 969 1026 1264 1094; x_wconf 79' lang='grc' dir='ltr'><strong><em>δαιμονίου</em></strong></span> <span class='ocrx_word' id='word_1_78' title='bbox 1310 1028 1576 1095; x_wconf 82' lang='grc' dir='ltr'><strong><em>προνοίας</em></strong></span> <span class='ocrx_word' id='word_1_79' title='bbox 1616 1023 1828 1077; x_wconf 73' lang='grc' dir='ltr'><strong><em>’δεσπα-</em></strong></span> 
     </span>
     <span class='ocr_line' id='line_1_12' title="bbox 139 1112 1829 1186; baseline 0.001 -21"><span class='ocrx_word' id='word_1_80' title='bbox 139 1115 329 1175; x_wconf 89' lang='grc' dir='ltr'><strong><em>σιανὸς</em></strong></span> <span class='ocrx_word' id='word_1_81' title='bbox 374 1112 573 1182; x_wconf 91' lang='grc' dir='ltr'><strong><em>πέμπει</em></strong></span> <span class='ocrx_word' id='word_1_82' title='bbox 619 1113 907 1182; x_wconf 88' lang='grc' dir='ltr'><strong><em>γράμματα</em></strong></span> <span class='ocrx_word' id='word_1_83' title='bbox 953 1117 1193 1186; x_wconf 79' lang='grc' dir='ltr'><strong><em>Πετιλίῳ</em></strong></span> <span class='ocrx_word' id='word_1_84' title='bbox 1241 1117 1524 1186; x_wconf 79' lang='grc' dir='ltr'><strong><em>Κερεαλίῳ</em></strong></span> <span class='ocrx_word' id='word_1_85' title='bbox 1571 1121 1646 1184; x_wconf 79' lang='grc' dir='ltr'><strong><em>τςό</em></strong></span> <span class='ocrx_word' id='word_1_86' title='bbox 1694 1115 1829 1181; x_wconf 90' lang='grc' dir='ltr'><strong><em>πρό-</em></strong></span> 
     </span>
     <span class='ocr_line' id='line_1_13' title="bbox 138 1201 1829 1273; baseline 0 -19"><span class='ocrx_word' id='word_1_87' title='bbox 138 1221 300 1270; x_wconf 87' lang='grc' dir='ltr'><strong><em>τερον</em></strong></span> <span class='ocrx_word' id='word_1_88' title='bbox 346 1201 576 1270; x_wconf 81' lang='grc' dir='ltr'><strong><em>ἡγεμόνι</em></strong></span> <span class='ocrx_word' id='word_1_89' title='bbox 624 1204 933 1271; x_wconf 81' lang='grc' dir='ltr'><strong><em>Γερμανίας</em></strong></span> <span class='ocrx_word' id='word_1_90' title='bbox 983 1201 1289 1273; x_wconf 78' lang='grc' dir='ltr'><strong><em>γενομένω,</em></strong></span> <span class='ocrx_word' id='word_1_91' title='bbox 1340 1204 1442 1271; x_wconf 87' lang='grc' dir='ltr'><strong><em>τὴν</em></strong></span> <span class='ocrx_word' id='word_1_92' title='bbox 1487 1202 1699 1256; x_wconf 80' lang='grc' dir='ltr'><strong><em>ὕπατον</em></strong></span> <span class='ocrx_word' id='word_1_93' title='bbox 1748 1203 1829 1254; x_wconf 88' lang='grc' dir='ltr'><strong><em>δι-</em></strong></span> 
     </span>
     <span class='ocr_line' id='line_1_14' title="bbox 140 1289 1828 1359; baseline -0.001 -16"><span class='ocrx_word' id='word_1_94' title='bbox 140 1291 275 1352; x_wconf 89' lang='grc' dir='ltr'><strong><em>δοὺς</em></strong></span> <span class='ocrx_word' id='word_1_95' title='bbox 320 1292 486 1359; x_wconf 82' lang='grc' dir='ltr'><strong><em>τιμὴν</em></strong></span> <span class='ocrx_word' id='word_1_96' title='bbox 531 1289 621 1343; x_wconf 88' lang='grc' dir='ltr'><strong><em>καὶ</em></strong></span> <span class='ocrx_word' id='word_1_97' title='bbox 661 1292 904 1343; x_wconf 91' lang='grc' dir='ltr'><strong><em>κελεύων</em></strong></span> <span class='ocrx_word' id='word_1_98' title='bbox 948 1291 1185 1359; x_wconf 79' lang='grc' dir='ltr'><strong><em>ἄρξοντα</em></strong></span> <span class='ocrx_word' id='word_1_99' title='bbox 1223 1294 1557 1358; x_wconf 87' lang='grc' dir='ltr'><strong><em>Βρεττανίας</em></strong></span> <span class='ocrx_word' id='word_1_100' title='bbox 1595 1289 1828 1343; x_wconf 91' lang='grc' dir='ltr'><strong><em>ἀπιέναι.</em></strong></span> 
     </span>
     <span class='ocr_line' id='line_1_15' title="bbox 139 1375 1829 1449; baseline -0.001 -17"><span class='ocrx_word' id='word_1_101' title='bbox 139 1378 283 1447; x_wconf 81' lang='grc'>&lt;83&gt;</span> <span class='ocrx_word' id='word_1_102' title='bbox 321 1381 693 1448; x_wconf 87' lang='grc' dir='ltr'><strong><em>πορευόμενος</em></strong></span> <span class='ocrx_word' id='word_1_103' title='bbox 732 1375 836 1433; x_wconf 83' lang='grc' dir='ltr'><strong><em>οὖν</em></strong></span> <span class='ocrx_word' id='word_1_104' title='bbox 877 1378 1085 1441; x_wconf 83' lang='grc' dir='ltr'><strong><em>ἐκεῖνος</em></strong></span> <span class='ocrx_word' id='word_1_105' title='bbox 1125 1379 1252 1433; x_wconf 80' lang='grc' dir='ltr'><strong><em>ὅποι</em></strong></span> <span class='ocrx_word' id='word_1_106' title='bbox 1283 1380 1698 1449; x_wconf 83' lang='grc' dir='ltr'><strong><em>προσετέτακτο,</em></strong></span> <span class='ocrx_word' id='word_1_107' title='bbox 1737 1376 1829 1431; x_wconf 88' lang='grc' dir='ltr'><strong><em>καὶ</em></strong></span> 
     </span>
     <span class='ocr_line' id='line_1_16' title="bbox 73 1466 1828 1538; baseline -0.001 -16"><span class='ocrx_word' id='word_1_108' title='bbox 73 1490 116 1522; x_wconf 85' lang='lat'><strong><em>15</em></strong></span> <span class='ocrx_word' id='word_1_109' title='bbox 140 1468 206 1520; x_wconf 79' lang='grc' dir='ltr'><strong><em>τὰ</em></strong></span> <span class='ocrx_word' id='word_1_110' title='bbox 243 1466 368 1538; x_wconf 89' lang='grc' dir='ltr'><strong><em>περὶ</em></strong></span> <span class='ocrx_word' id='word_1_111' title='bbox 400 1468 502 1536; x_wconf 86' lang='grc' dir='ltr'><strong><em>τὴν</em></strong></span> <span class='ocrx_word' id='word_1_112' title='bbox 533 1467 839 1521; x_wconf 89' lang='grc' dir='ltr'><strong><em>ἀπόστασιν</em></strong></span> <span class='ocrx_word' id='word_1_113' title='bbox 869 1477 980 1521; x_wconf 83' lang='grc' dir='ltr'><strong><em>τῶν</em></strong></span> <span class='ocrx_word' id='word_1_114' title='bbox 1013 1470 1316 1538; x_wconf 84' lang='grc' dir='ltr'><strong><em>Γερμανῶν</em></strong></span> <span class='ocrx_word' id='word_1_115' title='bbox 1346 1470 1685 1537; x_wconf 87' lang='grc' dir='ltr'><strong><em>πυθόμενος,</em></strong></span> <span class='ocrx_word' id='word_1_116' title='bbox 1723 1468 1828 1536; x_wconf 72' lang='grc' dir='ltr'><strong><em>ἤδη</em></strong></span> 
     </span>
     <span class='ocr_line' id='line_1_17' title="bbox 140 1555 1832 1626; baseline 0.001 -19"><span class='ocrx_word' id='word_1_117' title='bbox 140 1555 585 1625; x_wconf 88' lang='grc' dir='ltr'><strong><em>συνειλεγμένοις</em></strong></span> <span class='ocrx_word' id='word_1_118' title='bbox 646 1556 833 1619; x_wconf 79' lang='grc' dir='ltr'><strong><em>αὐτοῖς</em></strong></span> <span class='ocrx_word' id='word_1_119' title='bbox 899 1556 1175 1610; x_wconf 87' lang='grc' dir='ltr'><strong><em>ἐπιπεσὼν</em></strong></span> <span class='ocrx_word' id='word_1_120' title='bbox 1235 1555 1326 1609; x_wconf 85' lang='grc' dir='ltr'><strong><em>καὶ</em></strong></span> <span class='ocrx_word' id='word_1_121' title='bbox 1386 1556 1832 1626; x_wconf 81' lang='grc' dir='ltr'><strong><em>παραταξάμενος</em></strong></span> 
     </span>
     <span class='ocr_line' id='line_1_18' title="bbox 138 1643 1831 1715; baseline 0.001 -19"><span class='ocrx_word' id='word_1_122' title='bbox 138 1645 282 1697; x_wconf 89' lang='grc' dir='ltr'><strong><em>πολύ</em></strong></span> <span class='ocrx_word' id='word_1_123' title='bbox 322 1663 379 1697; x_wconf 91' lang='grc' dir='ltr'><strong><em>τε</em></strong></span> <span class='ocrx_word' id='word_1_124' title='bbox 418 1649 635 1714; x_wconf 81' lang='grc' dir='ltr'><strong><em>πλῆθος</em></strong></span> <span class='ocrx_word' id='word_1_125' title='bbox 682 1645 866 1698; x_wconf 83' lang='grc' dir='ltr'><strong><em>αὐτῶν</em></strong></span> <span class='ocrx_word' id='word_1_126' title='bbox 912 1644 1135 1715; x_wconf 82' lang='grc' dir='ltr'><strong><em>ἀναιρεῖ</em></strong></span> <span class='ocrx_word' id='word_1_127' title='bbox 1175 1647 1311 1698; x_wconf 81' lang='grc' dir='ltr'><strong><em>κατὰ</em></strong></span> <span class='ocrx_word' id='word_1_128' title='bbox 1349 1646 1451 1714; x_wconf 88' lang='grc' dir='ltr'><strong><em>τὴν</em></strong></span> <span class='ocrx_word' id='word_1_129' title='bbox 1490 1645 1695 1715; x_wconf 90' lang='grc' dir='ltr'><strong><em>μάχην,</em></strong></span> <span class='ocrx_word' id='word_1_130' title='bbox 1739 1643 1831 1697; x_wconf 87' lang='grc' dir='ltr'><strong><em>καὶ</em></strong></span> 
     </span>
     <span class='ocr_line' id='line_1_19' title="bbox 139 1732 1830 1803; baseline -0.001 -18"><span class='ocrx_word' id='word_1_131' title='bbox 139 1739 234 1800; x_wconf 82' lang='grc' dir='ltr'><strong><em>τῆς</em></strong></span> <span class='ocrx_word' id='word_1_132' title='bbox 279 1732 470 1796; x_wconf 80' lang='grc' dir='ltr'><strong><em>ἀνοίας</em></strong></span> <span class='ocrx_word' id='word_1_133' title='bbox 519 1733 908 1802; x_wconf 91' lang='grc' dir='ltr'><strong><em>παυσαμένους</em></strong></span> <span class='ocrx_word' id='word_1_134' title='bbox 955 1735 1230 1802; x_wconf 82' lang='grc' dir='ltr'><strong><em>ἠνάγκασε</em></strong></span> <span class='ocrx_word' id='word_1_135' title='bbox 1286 1743 1617 1803; x_wconf 84' lang='grc' dir='ltr'><strong><em>σωφρονεῖν.</em></strong></span> <span class='ocrx_word' id='word_1_136' title='bbox 1688 1733 1830 1801; x_wconf 84' lang='grc'>&lt;84&gt;</span> 
     </span>
    </p>

    <p class='ocr_par' dir='ltr' id='par_1_3' title="bbox 13 1821 1839 2955">
     <span class='ocr_line' id='line_1_20' title="bbox 85 1821 1833 1892; baseline 0 -18"><span class='ocrx_word' id='word_1_137' title='bbox 85 1860 87 1862; x_wconf 94' lang='grc'>-</span> <span class='ocrx_word' id='word_1_138' title='bbox 140 1823 371 1890; x_wconf 80' lang='grc' dir='ltr'><strong><em>ἔμελλον</em></strong></span> <span class='ocrx_word' id='word_1_139' title='bbox 413 1821 502 1890; x_wconf 90' lang='grc' dir='ltr'><strong><em>δέ,</em></strong></span> <span class='ocrx_word' id='word_1_140' title='bbox 544 1822 804 1876; x_wconf 89' lang='grc' dir='ltr'><strong><em>κάκείνου</em></strong></span> <span class='ocrx_word' id='word_1_141' title='bbox 845 1824 918 1892; x_wconf 87' lang='grc' dir='ltr'><strong><em>μὴ</em></strong></span> <span class='ocrx_word' id='word_1_142' title='bbox 958 1829 1168 1876; x_wconf 83' lang='grc' dir='ltr'><strong><em>θᾶττον</em></strong></span> <span class='ocrx_word' id='word_1_143' title='bbox 1207 1825 1285 1885; x_wconf 84' lang='grc' dir='ltr'><strong><em>εἰς</em></strong></span> <span class='ocrx_word' id='word_1_144' title='bbox 1323 1825 1454 1886; x_wconf 85' lang='grc' dir='ltr'><strong><em>τοὺς</em></strong></span> <span class='ocrx_word' id='word_1_145' title='bbox 1491 1824 1694 1885; x_wconf 91' lang='grc' dir='ltr'><strong><em>τόπους</em></strong></span> <span class='ocrx_word' id='word_1_146' title='bbox 1732 1840 1833 1875; x_wconf 87' lang='grc' dir='ltr'><strong><em>πα-</em></strong></span> 
     </span>
     <span class='ocr_line' id='line_1_21' title="bbox 13 1910 1833 1981; baseline -0.002 -16"><span class='ocrx_word' id='word_1_147' title='bbox 13 1925 17 1927; x_wconf 70' lang='grc'><strong><em>·</em></strong></span> <span class='ocrx_word' id='word_1_148' title='bbox 74 1933 117 1965; x_wconf 82' lang='lat'><strong><em>20</em></strong></span> <span class='ocrx_word' id='word_1_149' title='bbox 141 1912 506 1980; x_wconf 88' lang='grc' dir='ltr'><strong><em>ραβαλόντος,</em></strong></span> <span class='ocrx_word' id='word_1_150' title='bbox 539 1913 702 1979; x_wconf 89' lang='grc' dir='ltr'><strong><em>δίκην</em></strong></span> <span class='ocrx_word' id='word_1_151' title='bbox 734 1911 835 1965; x_wconf 87' lang='grc' dir='ltr'><strong><em>οὐκ</em></strong></span> <span class='ocrx_word' id='word_1_152' title='bbox 868 1914 945 1975; x_wconf 83' lang='grc' dir='ltr'><strong><em>εἰς</em></strong></span> <span class='ocrx_word' id='word_1_153' title='bbox 977 1913 1199 1981; x_wconf 81' lang='grc' dir='ltr'><strong><em>μακρὰν</em></strong></span> <span class='ocrx_word' id='word_1_154' title='bbox 1216 1910 1458 1981; x_wconf 79' lang='grc' dir='ltr'><strong><em>ὑφέξειν.</em></strong></span> <span class='ocrx_word' id='word_1_155' title='bbox 1498 1910 1644 1979; x_wconf 82' lang='lat'>&lt;85&gt;</span> <span class='ocrx_word' id='word_1_156' title='bbox 1668 1910 1833 1979; x_wconf 85' lang='grc' dir='ltr'><strong><em>ἡνίκα</em></strong></span> 
     </span>
     <span class='ocr_line' id='line_1_22' title="bbox 139 1998 1834 2069; baseline 0.001 -18"><span class='ocrx_word' id='word_1_157' title='bbox 139 1999 244 2069; x_wconf 82' lang='grc' dir='ltr'><strong><em>γὰρ</em></strong></span> <span class='ocrx_word' id='word_1_158' title='bbox 283 2009 506 2067; x_wconf 84' lang='grc' dir='ltr'><strong><em>πρῶτον</em></strong></span> <span class='ocrx_word' id='word_1_159' title='bbox 543 2000 577 2068; x_wconf 78' lang='grc' dir='ltr'><em>ἡ</em></span> <span class='ocrx_word' id='word_1_160' title='bbox 617 1999 742 2068; x_wconf 89' lang='grc' dir='ltr'><strong><em>περὶ</em></strong></span> <span class='ocrx_word' id='word_1_161' title='bbox 782 2007 878 2069; x_wconf 82' lang='grc' dir='ltr'><strong><em>τῆς</em></strong></span> <span class='ocrx_word' id='word_1_162' title='bbox 916 2000 1266 2063; x_wconf 79' lang='grc' dir='ltr'><strong><em>ἀποστάσεως</em></strong></span> <span class='ocrx_word' id='word_1_163' title='bbox 1297 2000 1481 2053; x_wconf 84' lang='grc' dir='ltr'><strong><em>αὐτῶν</em></strong></span> <span class='ocrx_word' id='word_1_164' title='bbox 1512 1998 1738 2067; x_wconf 87' lang='grc' dir='ltr'><strong><em>ἀγγελία</em></strong></span> <span class='ocrx_word' id='word_1_165' title='bbox 1769 2007 1834 2068; x_wconf 78' lang='grc' dir='ltr'><strong><em>τῇ</em></strong></span> 
     </span>
     <span class='ocr_line' id='line_1_23' title="bbox 132 2086 1834 2158; baseline 0.001 -19"><span class='ocrx_word' id='word_1_166' title='bbox 132 2086 308 2157; x_wconf 79' lang='grc' dir='ltr'><strong><em>Ῥώμῃ</em></strong></span> <span class='ocrx_word' id='word_1_167' title='bbox 351 2087 680 2157; x_wconf 90' lang='grc' dir='ltr'><strong><em>προσέπεσε,</em></strong></span> <span class='ocrx_word' id='word_1_168' title='bbox 728 2090 1071 2158; x_wconf 87' lang='grc' dir='ltr'><strong><em>Δομετιανὸς</em></strong></span> <span class='ocrx_word' id='word_1_169' title='bbox 1111 2091 1327 2158; x_wconf 79' lang='grc' dir='ltr'><strong><em>Καῖσαρ</em></strong></span> <span class='ocrx_word' id='word_1_170' title='bbox 1374 2090 1695 2157; x_wconf 88' lang='grc' dir='ltr'><strong><em>πυθόμενος</em></strong></span> <span class='ocrx_word' id='word_1_171' title='bbox 1734 2088 1834 2157; x_wconf 86' lang='grc' dir='ltr'><strong><em>οὐχ</em></strong></span> 
     </span>
     <span class='ocr_line' id='line_1_24' title="bbox 141 2172 1835 2249; baseline 0 -21"><span class='ocrx_word' id='word_1_172' title='bbox 141 2176 215 2239; x_wconf 81' lang='grc' dir='ltr'><strong><em>ὡς</em></strong></span> <span class='ocrx_word' id='word_1_173' title='bbox 254 2176 323 2229; x_wconf 77' lang='grc' dir='ltr'><strong><em>ἂν</em></strong></span> <span class='ocrx_word' id='word_1_174' title='bbox 362 2176 549 2247; x_wconf 79' lang='grc' dir='ltr'><strong><em>ἕτερος</em></strong></span> <span class='ocrx_word' id='word_1_175' title='bbox 594 2177 655 2230; x_wconf 90' lang='grc' dir='ltr'><strong><em>ἐν</em></strong></span> <span class='ocrx_word' id='word_1_176' title='bbox 693 2179 867 2248; x_wconf 79' lang='grc' dir='ltr'><strong><em>τούτω</em></strong></span> <span class='ocrx_word' id='word_1_177' title='bbox 907 2184 1002 2246; x_wconf 83' lang='grc' dir='ltr'><strong><em>τῆς</em></strong></span> <span class='ocrx_word' id='word_1_178' title='bbox 1048 2177 1261 2245; x_wconf 85' lang='grc' dir='ltr'><strong><em>ἡλικίας</em></strong></span> <span class='ocrx_word' id='word_1_179' title='bbox 1306 2175 1456 2249; x_wconf 84' lang='grc' dir='ltr'><strong><em>(νέος</em></strong></span> <span class='ocrx_word' id='word_1_180' title='bbox 1501 2178 1606 2245; x_wconf 83' lang='grc' dir='ltr'><strong><em>γὰρ</em></strong></span> <span class='ocrx_word' id='word_1_181' title='bbox 1646 2172 1716 2245; x_wconf 77' lang='grc' dir='ltr'><strong><em>ἦν</em></strong></span> <span class='ocrx_word' id='word_1_182' title='bbox 1755 2178 1835 2229; x_wconf 80' lang='grc' dir='ltr'><strong><em>ἔτι</em></strong></span> 
     </span>
     <span class='ocr_line' id='line_1_25' title="bbox 139 2264 1836 2335; baseline 0.001 -19"><span class='ocrx_word' id='word_1_183' title='bbox 139 2265 476 2335; x_wconf 86' lang='grc' dir='ltr'><strong><em>παντάπασι)</em></strong></span> <span class='ocrx_word' id='word_1_184' title='bbox 532 2270 859 2335; x_wconf 89' lang='grc' dir='ltr'><strong><em>τηλικοῦτον</em></strong></span> <span class='ocrx_word' id='word_1_185' title='bbox 913 2267 1158 2335; x_wconf 91' lang='grc' dir='ltr'><strong><em>ἄρασθαι</em></strong></span> <span class='ocrx_word' id='word_1_186' title='bbox 1207 2264 1446 2334; x_wconf 91' lang='grc' dir='ltr'><strong><em>μέγεθος</em></strong></span> <span class='ocrx_word' id='word_1_187' title='bbox 1499 2265 1836 2335; x_wconf 87' lang='grc' dir='ltr'><strong><em>πραγμάτων</em></strong></span> 
     </span>
     <span class='ocr_line' id='line_1_26' title="bbox 75 2351 1836 2424; baseline -0.001 -17"><span class='ocrx_word' id='word_1_188' title='bbox 75 2374 117 2407; x_wconf 79' lang='lat'><strong><em>25</em></strong></span> <span class='ocrx_word' id='word_1_189' title='bbox 143 2354 417 2422; x_wconf 78' lang='grc' dir='ltr'><strong><em>ὤκνησεν,</em></strong></span> <span class='ocrx_word' id='word_1_190' title='bbox 480 2354 623 2422; x_wconf 82' lang='grc'>&lt;86&gt;</span> <span class='ocrx_word' id='word_1_191' title='bbox 672 2356 812 2423; x_wconf 84' lang='grc' dir='ltr'><strong><em>ἔχων</em></strong></span> <span class='ocrx_word' id='word_1_192' title='bbox 862 2351 922 2407; x_wconf 74' lang='grc' dir='ltr'><strong><em>δὲ</em></strong></span> <span class='ocrx_word' id='word_1_193' title='bbox 969 2357 1252 2424; x_wconf 89' lang='grc' dir='ltr'><strong><em>πατρόθεν</em></strong></span> <span class='ocrx_word' id='word_1_194' title='bbox 1301 2356 1546 2423; x_wconf 79' lang='grc' dir='ltr'><strong><em>ἔμφυτον</em></strong></span> <span class='ocrx_word' id='word_1_195' title='bbox 1592 2354 1693 2421; x_wconf 86' lang='grc' dir='ltr'><strong><em>τὴν</em></strong></span> <span class='ocrx_word' id='word_1_196' title='bbox 1741 2353 1836 2406; x_wconf 91' lang='grc' dir='ltr'><strong><em>ἀν-</em></strong></span> 
     </span>
     <span class='ocr_line' id='line_1_27' title="bbox 143 2441 1837 2512; baseline 0.001 -19"><span class='ocrx_word' id='word_1_197' title='bbox 143 2442 482 2511; x_wconf 89' lang='grc' dir='ltr'><strong><em>δραγαθιάν,</em></strong></span> <span class='ocrx_word' id='word_1_198' title='bbox 534 2441 625 2495; x_wconf 87' lang='grc' dir='ltr'><strong><em>καὶ</em></strong></span> <span class='ocrx_word' id='word_1_199' title='bbox 671 2441 1016 2512; x_wconf 89' lang='grc' dir='ltr'><strong><em>τελειοτέραν</em></strong></span> <span class='ocrx_word' id='word_1_200' title='bbox 1060 2444 1163 2511; x_wconf 86' lang='grc' dir='ltr'><strong><em>τὴν</em></strong></span> <span class='ocrx_word' id='word_1_201' title='bbox 1209 2443 1443 2510; x_wconf 79' lang='grc' dir='ltr'><strong><em>ἄσκησιν</em></strong></span> <span class='ocrx_word' id='word_1_202' title='bbox 1489 2450 1585 2510; x_wconf 80' lang='grc' dir='ltr'><strong><em>τῆς</em></strong></span> <span class='ocrx_word' id='word_1_203' title='bbox 1623 2441 1837 2509; x_wconf 82' lang='grc' dir='ltr'><strong><em>ἡλικίας</em></strong></span> 
     </span>
     <span class='ocr_line' id='line_1_28' title="bbox 140 2528 1837 2600; baseline 0 -18"><span class='ocrx_word' id='word_1_204' title='bbox 140 2528 523 2600; x_wconf 87' lang='grc' dir='ltr'><strong><em>πεποιημένος,</em></strong></span> <span class='ocrx_word' id='word_1_205' title='bbox 564 2529 651 2583; x_wconf 88' lang='grc' dir='ltr'><strong><em>ἐπὶ</em></strong></span> <span class='ocrx_word' id='word_1_206' title='bbox 684 2533 813 2593; x_wconf 89' lang='grc' dir='ltr'><strong><em>τοὺς</em></strong></span> <span class='ocrx_word' id='word_1_207' title='bbox 844 2531 1160 2600; x_wconf 89' lang='grc' dir='ltr'><strong><em>βαρβάρους</em></strong></span> <span class='ocrx_word' id='word_1_208' title='bbox 1190 2530 1365 2593; x_wconf 85' lang='grc' dir='ltr'><strong><em>εὐθὺς</em></strong></span> <span class='ocrx_word' id='word_1_209' title='bbox 1394 2532 1651 2599; x_wconf 76' lang='grc' dir='ltr'><strong><em>ἤλαυνεν.</em></strong></span> <span class='ocrx_word' id='word_1_210' title='bbox 1690 2530 1837 2599; x_wconf 84' lang='grc'>&lt;87&gt;</span> 
     </span>
     <span class='ocr_line' id='line_1_29' title="bbox 145 2616 1830 2689; baseline 0 -18"><span class='ocrx_word' id='word_1_211' title='bbox 145 2617 306 2677; x_wconf 78' lang='grc' dir='ltr'><strong><em>οἳδὲ</em></strong></span> <span class='ocrx_word' id='word_1_212' title='bbox 353 2621 491 2689; x_wconf 87' lang='grc' dir='ltr'><strong><em>πρὸς</em></strong></span> <span class='ocrx_word' id='word_1_213' title='bbox 537 2621 640 2688; x_wconf 83' lang='grc' dir='ltr'><strong><em>τὴν</em></strong></span> <span class='ocrx_word' id='word_1_214' title='bbox 687 2622 875 2689; x_wconf 88' lang='grc' dir='ltr'><strong><em>φήμην</em></strong></span> <span class='ocrx_word' id='word_1_215' title='bbox 921 2626 1018 2688; x_wconf 76' lang='grc' dir='ltr'><strong><em>τῆς</em></strong></span> <span class='ocrx_word' id='word_1_216' title='bbox 1064 2619 1272 2688; x_wconf 87' lang='grc' dir='ltr'><strong><em>ἐφόδου</em></strong></span> <span class='ocrx_word' id='word_1_217' title='bbox 1311 2621 1710 2681; x_wconf 88' lang='grc' dir='ltr'><strong><em>καταπεσόντες</em></strong></span> <span class='ocrx_word' id='word_1_218' title='bbox 1748 2616 1830 2671; x_wconf 84' lang='grc' dir='ltr'><strong><em>ἐπ’</em></strong></span> 
     </span>
     <span class='ocr_line' id='line_1_30' title="bbox 133 2705 1839 2779; baseline -0.001 -18"><span class='ocrx_word' id='word_1_219' title='bbox 133 2707 291 2779; x_wconf 32' lang='grc' dir='ltr'><strong><em>«αὐτῷ</em></strong></span> <span class='ocrx_word' id='word_1_220' title='bbox 333 2715 476 2777; x_wconf 84' lang='grc' dir='ltr'><strong><em>σφᾶς</em></strong></span> <span class='ocrx_word' id='word_1_221' title='bbox 514 2708 718 2770; x_wconf 87' lang='grc' dir='ltr'><strong><em>αὐτοὺς</em></strong></span> <span class='ocrx_word' id='word_1_222' title='bbox 758 2707 1086 2777; x_wconf 84' lang='grc' dir='ltr'><strong><em>ἐποιήσαντο</em></strong></span> <span class='ocrx_word' id='word_1_223' title='bbox 1127 2707 1264 2777; x_wconf 88' lang='grc' dir='ltr'><strong><em>μέγα</em></strong></span> <span class='ocrx_word' id='word_1_224' title='bbox 1295 2717 1396 2761; x_wconf 90' lang='grc' dir='ltr'><strong><em>τοῦ</em></strong></span> <span class='ocrx_word' id='word_1_225' title='bbox 1428 2709 1611 2776; x_wconf 88' lang='grc' dir='ltr'><strong><em>φόβου</em></strong></span> <span class='ocrx_word' id='word_1_226' title='bbox 1642 2705 1839 2776; x_wconf 88' lang='grc' dir='ltr'><strong><em>κέρδος</em></strong></span> 
     </span>
     <span class='ocr_line' id='line_1_31' title="bbox 73 2795 1838 2867; baseline -0.001 -19"><span class='ocrx_word' id='word_1_227' title='bbox 73 2816 119 2848; x_wconf 81' lang='lat'><strong><em>30</em></strong></span> <span class='ocrx_word' id='word_1_228' title='bbox 144 2795 435 2865; x_wconf 86' lang='grc' dir='ltr'><strong><em>εὑρόμενοι</em></strong></span> <span class='ocrx_word' id='word_1_229' title='bbox 480 2798 542 2849; x_wconf 91' lang='grc' dir='ltr'><strong><em>τὸ</em></strong></span> <span class='ocrx_word' id='word_1_230' title='bbox 590 2795 757 2867; x_wconf 89' lang='grc' dir='ltr'><strong><em>χωρὶς</em></strong></span> <span class='ocrx_word' id='word_1_231' title='bbox 804 2805 1109 2866; x_wconf 85' lang='grc' dir='ltr'><strong><em>συμφορῶν</em></strong></span> <span class='ocrx_word' id='word_1_232' title='bbox 1154 2796 1263 2850; x_wconf 85' lang='grc' dir='ltr'><strong><em>ὑπὸ</em></strong></span> <span class='ocrx_word' id='word_1_233' title='bbox 1310 2798 1408 2850; x_wconf 90' lang='grc' dir='ltr'><strong><em>τὸν</em></strong></span> <span class='ocrx_word' id='word_1_234' title='bbox 1460 2796 1630 2849; x_wconf 84' lang='grc' dir='ltr'><strong><em>αὐτὸν</em></strong></span> <span class='ocrx_word' id='word_1_235' title='bbox 1669 2795 1838 2848; x_wconf 87' lang='grc' dir='ltr'><strong><em>πάλιν</em></strong></span> 
     </span>
     <span class='ocr_line' id='line_1_32' title="bbox 146 2881 1839 2955; baseline 0 -19"><span class='ocrx_word' id='word_1_236' title='bbox 146 2886 311 2952; x_wconf 80' lang='grc' dir='ltr'><strong><em>ζυγὸν</em></strong></span> <span class='ocrx_word' id='word_1_237' title='bbox 358 2885 692 2955; x_wconf 80' lang='grc' dir='ltr'><strong><em>ὑπαχθῆναι.</em></strong></span> <span class='ocrx_word' id='word_1_238' title='bbox 771 2885 918 2955; x_wconf 86' lang='grc'>&lt;88&gt;</span> <span class='ocrx_word' id='word_1_239' title='bbox 956 2893 1127 2938; x_wconf 85' lang='grc' dir='ltr'><strong><em>πᾶσιν</em></strong></span> <span class='ocrx_word' id='word_1_240' title='bbox 1167 2881 1270 2938; x_wconf 82' lang='grc' dir='ltr'><strong><em>οὗν</em></strong></span> <span class='ocrx_word' id='word_1_241' title='bbox 1311 2883 1523 2947; x_wconf 86' lang='grc' dir='ltr'><strong><em>ἐπιθεὶς</em></strong></span> <span class='ocrx_word' id='word_1_242' title='bbox 1559 2894 1674 2947; x_wconf 81' lang='grc' dir='ltr'><strong><em>τοῖς</em></strong></span> <span class='ocrx_word' id='word_1_243' title='bbox 1712 2881 1839 2954; x_wconf 88' lang='grc' dir='ltr'><strong><em>περὶ</em></strong></span> 
     </span>
    </p>
   </div>
  </div>
 </body>
</html>
