2032 3128
621 97 972 142 ADNOTATIO
1005 97 1253 143 ORITICA.
1653 99 1780 144 XLV

99 231 277 290 νόμοις·
321 232 430 282 τοὺς
466 227 647 275 ἐκείνου
686 228 857 287 νόμους
886 230 935 274 L.
960 246 1026 264 ·—
1056 236 1083 285 5
1114 235 1199 276 225
1232 227 1585 288 ἐνεκαρτέρησεν
1613 231 1778 289 Ηιιᾶε.,

101 304 462 362 ἐνεκαρτέρησαν
493 304 676 361 Ευειθὶ).,
707 303 900 362 ἤνεγκεν
930 304 980 348 L.
1013 331 1068 337 -—
1100 310 1126 359 5
1150 309 1234 348 226
1267 304 1578 362 ὡμολογήσθω
1607 304 1778 350 Euseb.

97 380 198 424 cod.
230 379 285 435 J.,
334 375 645 436 ὁμολογείσθω
683 378 732 422 L.
775 404 830 410 -
870 383 897 432 5
928 382 1013 421 226
1052 377 1600 437 ἀντιπαραβαλλέτωσαν·
1649 379 1779 423 ἀντι-

97 450 584 511 παραλαμβανέτωσαν
606 451 656 495 L.
682 478 736 483 —
762 456 787 505 5
811 456 895 495 227
921 451 1199 504 ἐξελάθοντο
1222 452 1273 508 L,
1299 451 1584 497 ἐπελάθοντο
1608 452 1778 498 Euseb.

98 526 231 570 codd.
265 525 365 569 BG.
399 553 454 558 —-
486 531 511 580 5
535 530 621 570 228
652 525 936 582 προύδομεν·
969 525 1236 583 προάγομεν
1266 526 1315 570 L.
1350 552 1405 558 —
1436 532 1460 580 5
1486 531 1571 570 228
1603 533 1782 583 τρυφῆς

99 599 187 656 Df.,
230 606 406 657 τροφῆς
435 599 484 644 L.
519 626 574 632 —
606 605 630 653 5
664 604 750 644 228
790 598 838 642 εἴ
867 614 956 650 τις·
1000 598 1136 643 inser.
1168 597 1369 657 τάληθές
1397 599 1514 644 le.
1548 626 1604 632 —
1636 606 1661 654 5
1693 603 1779 643 228

97 671 342 728 καρτερίας
380 672 655 729 Cotelerius,
699 670 953 729 μαρτυρίας
990 671 1047 729 L,
1093 672 1262 716 deinde
1300 672 1380 717 Ns.
1414 672 1521 716 add.
1554 671 1614 717 ἂν
1653 671 1780 729 εὕροι

96 747 170 790 vel
213 746 366 790 simile
408 745 534 802 quid.
570 772 625 778 --
657 751 681 800 5
714 751 800 790 228
843 743 1130 797 ἐπιτιθέντες
1166 746 1359 803 Ιιοννῒὴ.,
1403 744 1698 797 ἐπιτιθέντας
1726 747 1778 803 L,

97 818 398 871 ἐπιτεθέντας
440 833 497 864 ex
526 819 628 863 Lat.
660 819 741 864 Ns.
776 847 830 852 -
864 825 889 874 5
921 824 1007 863 230
1040 818 1090 864 ἔν
1119 820 1221 876 Bk,
1262 819 1320 876 ἤν
1351 819 1458 877 vlg.,
1497 818 1574 876 ἐφ’
1621 819 1690 864 ἑνὶ
1721 820 1780 877 δὴ

96 894 243 953 τούτῳ
275 896 324 938 et
352 898 415 953 τῷ
445 900 634 949 κρατεῖν
663 892 744 938 NS.
772 921 826 925 —
853 899 877 948 5
902 898 988 937 230
1012 894 1064 938 τὸ
1088 894 1232 937 καλὸν
1256 920 1311 925 -
1336 894 1416 938 καὶ
1441 891 1782 949 φιλάνθρωπον

99 967 189 1012 del.
221 967 300 1011 Ns.
329 994 383 1000 -—
409 973 433 1022 5
458 972 543 1011 233
576 965 681 1011 ὥστ’
720 967 789 1011 ed.
815 983 899 1024 pr.,
933 965 1042 1012 ὅσον
1072 967 1123 1023 L,
1157 965 1212 1012 ὅν
1243 981 1300 1011 ex
1322 967 1423 1011 Lat.
1455 966 1536 1010 Ns.
1564 993 1619 999 ⁴—
1645 972 1669 1021 5
1694 971 1780 1010 233

98 1039 449 1098 προσφέρεσθαι
481 1042 542 1092 ὡς
573 1042 644 1085 ed.
676 1057 758 1098 pr.,
790 1032 1071 1098 προσφέρειν
1102 1049 1199 1093 τοῖς
1229 1041 1278 1085 L.
1305 1068 1360 1073 —
1393 1047 1417 1095 5
1441 1045 1527 1084 233
1559 1042 1637 1092 ὡς·
1672 1043 1783 1085 ante

98 1113 376 1171 θαυμαστόν
407 1114 497 1159 del.
514 1114 596 1171 Ns.
616 1141 671 1147 —
689 1120 714 1169 5
731 1119 816 1158 233
842 1114 1091 1171 ἄνθρωποι
1115 1115 1160 1159 οἱ
1185 1115 1256 1159 ed.
1273 1130 1357 1172 pr.,
1391 1114 1437 1159 οἱ
1460 1114 1708 1171 ἄνθρωποι
1731 1115 1782 1172 L,

97 1188 347 1245 ἄνθρωποι
384 1188 465 1232 Ns.
499 1215 555 1220 -—
596 1194 620 1243 5
652 1193 737 1231 233
779 1189 820 1232 εἰ
852 1215 906 1220 ——
938 1190 1328 1247 παραβιασθεῖεν·
1375 1189 1417 1233 εἰ
1454 1186 1483 1245 ἢ
1522 1187 1698 1245 πρᾶξαί
1736 1205 1782 1232 τι

98 1261 228 1318 παρὰ
261 1262 369 1313 τοὺς
399 1261 576 1306 ἑαυτῶν
607 1260 779 1318 νόμους
800 1260 829 1318 ἢ
850 1260 995 1318 μόνον
1019 1263 1170 1307 εἰπεῖν
1193 1264 1436 1320 βιασθεῖεν
1457 1262 1538 1307 Ns.
1565 1289 1621 1295 -—
1646 1268 1670 1317 5
1695 1267 1782 1306 234

97 1335 448 1392 ἐπιτεθυμηκώς
469 1335 631 1392 Ηιιᾱε.,
663 1336 1020 1394 ὑποτεθύμηκεν
1050 1336 1107 1393 L,
1139 1338 1505 1393 ὑποτεθυμηκώς
1535 1337 1608 1381 ed.
1631 1352 1700 1393 pr.
1727 1363 1782 1369 —

97 1415 123 1464 5
155 1414 242 1453 234
273 1407 560 1471 πολυτελείᾳ·
595 1409 890 1454 desideratur
918 1408 1135 1468 ἐργασίας
1165 1410 1239 1454 vel
1269 1410 1420 1454 simile
1451 1410 1578 1468 quid,
1611 1410 1692 1454 Ns.
1728 1437 1784 1442 —

98 1489 122 1538 5
149 1488 235 1527 234
266 1481 450 1541 ἀργίας·
484 1481 675 1541 ἁγνείας
697 1483 806 1528 Cob.
834 1511 889 1516 —
913 1490 940 1538 5
963 1489 1049 1528 235
1074 1483 1172 1528 ἀλλ’
1210 1484 1274 1529 οἱ·
1300 1483 1399 1528 ἀλλ’
1429 1485 1471 1529 εἰ
1492 1485 1542 1528 L.
1569 1512 1624 1517 ——
1649 1490 1677 1539 5
1699 1489 1784 1528 235

98 1555 389 1615 ἀντέβλεψαν
427 1556 638 1613 Grotius,
680 1557 740 1602 ἄν
777 1574 848 1609 τις
885 1556 1098 1617 βλέψειεν
1128 1558 1185 1614 L,
1229 1556 1559 1617 ἀντιβλέψειαν
1597 1559 1667 1603 ed.
1700 1574 1785 1615 pr„

98 1632 183 1675 οὐκ
226 1629 286 1675 ἂν
329 1628 660 1689 ἀντιβλέψειαν
702 1631 786 1676 Bk.
832 1631 941 1676 Cob.
976 1659 1030 1664 —
1063 1638 1089 1686 5
1120 1637 1205 1676 238
1250 1631 1394 1683 ἄλλως
1435 1647 1484 1676 τε
1515 1659 1571 1664 -
1605 1633 1786 1676 εὐδοκι-

100 1704 332 1761 μούντων·
382 1719 484 1749 cum
521 1706 678 1762 utique
715 1719 810 1749 ‘mm
848 1721 879 1750 a
915 1707 1047 1750 nobis
1083 1720 1208 1750 ‘mmm
1245 1720 1387 1751 sermo
1418 1707 1688 1762 compositus
1717 1719 1791 1751 eos

97 1793 287 1836 arquere
317 1779 547 1835 videatur,
578 1780 655 1823 sed
679 1795 708 1823 a
732 1781 887 1824 multis
911 1781 1212 1836 probabiliter
1239 1781 1345 1835 jam
1361 1780 1644 1836 praemissus
1665 1779 1784 1836 Lat„

98 1851 244 1903 ἄλλως
280 1868 329 1896 τε
367 1853 447 1897 καὶ
485 1860 568 1897 τοῦ
607 1851 848 1909 μέλλοντος
885 1853 1200 1911 λεχθήσεσθαι
1239 1854 1325 1912 (ita
1357 1853 1501 1897 etiam
1528 1853 1667 1910 le.)
1699 1859 1788 1898 νῦν

10 1946 16 1949 ·
97 1924 182 1982 ὑφ’
230 1926 360 1983 ἡμῶν
406 1927 560 1971 αὐτῶν
607 1925 912 1979 συντεθέντος
954 1927 1069 1971 ἀλλά
1110 1955 1165 1960 -
1191 1927 1577 1984 ,εὐδοκιμούντων
1614 1927 1696 1971 Ns.
1730 1953 1788 1960 -—

97 2005 123 2054 5
149 2005 235 2044 238
265 2008 357 2046 τῶν
389 2007 478 2046 νῦν
507 1999 652 2046 αὑτόν
675 2001 837 2058 Ηηᾶε.,
870 2008 958 2046 νῦν
988 2003 1142 2046 αὐτῶν
1164 2002 1223 2059 L,
1255 2009 1343 2047 νῦν
1374 1999 1518 2046 αὐτόν
1542 2001 1614 2046 ed..
1637 2017 1706 2058 pr.
1732 2028 1789 2033 —

98 2080 124 2128 5
156 2079 243 2118 238
282 2075 654 2130 εὐδοκιμούντων
683 2076 886 2132 Lowth„
928 2077 1286 2132 εὐδοκιμοῦντος
1315 2076 1367 2120 L.
1401 2103 1456 2108 —
1489 2081 1516 2130 5
1545 2080 1632 2119 240
1670 2075 1789 2119 ἀπο-

100 2147 349 2204 φήνασθαι
379 2148 438 2204 L,
477 2148 839 2206 ἀποφηνάμενοι
870 2149 951 2194 Ns.
986 2176 1041 2182 —
1074 2156 1100 2204 5
1131 2155 1217 2194 240
1255 2150 1450 2201 τούτους
1488 2147 1541 2194 δέ
1579 2148 1790 2206 spurium

98 2221 181 2265 Ns.
215 2249 270 2253 —
305 2227 330 2275 5
362 2226 449 2265 240
481 2221 774 2279 δεδεμένους·
820 2223 958 2267 inser.
992 2222 1177 2281 διάγειν
1205 2221 1413 2281 λέγοντες
1443 2223 1524 2268 Ns..
1558 2250 1613 2255 —
1646 2229 1671 2280 5
1703 2227 1788 2266 241

99 2293 174 2339 ἐπ’
212 2293 355 2339 αὐτόν
388 2295 460 2339 ed.
491 2311 574 2353 pr„
607 2295 686 2340 ὑπ’
725 2298 878 2342 αὐτῶν
910 2297 959 2340 L.
995 2322 1050 2329 —-
1082 2302 1109 2351 5
1139 2302 1223 2340 241
1256 2294 1514 2355 θυγατρός·
1545 2296 1684 2340 inser.
1706 2296 1788 2340 Ns.

97 2368 386 2420 πλάττοντες.
430 2397 483 2402 -
523 2375 549 2424 5
581 2375 667 2414 242
714 2368 972 2427 ἀγενείους·
1018 2371 1222 2432 ephebos⁴
1246 2371 1349 2415 Lat.
1383 2397 1439 2403 --
1471 2376 1496 2425 5
1528 2375 1616 2414 244
1661 2371 1791 2414 ἀσελ-

97 2441 318 2501 γέστατον
341 2442 466 2500 Cob.,
499 2442 822 2502 ἀσελγέστερον
846 2444 936 2502 vlg.
964 2471 1019 2476 —
1043 2450 1069 2499 5
1093 2449 1179 2488 245
1205 2444 1230 2489 ὃ
1254 2442 1585 2503 γενναιότατος
1607 2445 1677 2488 ed..
1703 2460 1789 2501 pr„

99 2517 145 2561 οἱ
192 2515 513 2575 γενναιότατοι
554 2518 604 2562 L.
639 2545 695 2550 -—
735 2523 759 2572 5
793 2522 878 2562 245
925 2516 1269 2575 κρατουμένους
1314 2517 1495 2562 mavult
1542 2532 1649 2562 cum
1687 2518 1791 2562 Lat.

97 2589 216 2634 le.
257 2618 314 2624 —
352 2597 378 2646 5
409 2596 495 2635 246
540 2591 723 2642 τούτοις
761 2591 876 2635 ἄλλα
914 2591 1084 2649 Hnds.,
1131 2599 1230 2643 τοῖς
1268 2591 1422 2643 ἄλλοις
1459 2592 1510 2636 L.
1544 2619 1600 2624 —
1647 2597 1677 2646 ξ,
1705 2596 1790 2636 247

99 2663 391 2725 δεσμωτηρίῳ
429 2665 629 2710 forbasse
668 2665 879 2723 spurium
915 2664 998 2710 Ns.
1030 2693 1087 2698 —
1127 2671 1153 2721 5
1184 2671 1269 2710 247
1310 2667 1392 2710 καὶ
1430 2673 1546 2716 τοῖς·
1596 2666 1658 2716 ὡς
1696 2672 1794 2716 τοῖς

98 2737 180 2783 Ns.
207 2765 262 2771 —
286 2745 313 2793 5
336 2744 422 2783 247
454 2738 769 2796 προσιεμένων
800 2739 962 2797 Ηιιᾱε.,
994 2737 1263 2797 προεμένων
1293 2739 1344 2796 L,
1376 2736 1674 2796 προσεμένων
1708 2738 1791 2783 Ns,

100 2838 155 2844 —
188 2818 213 2866 5
245 2818 332 2857 250
364 2813 525 2870 ἄλλην·
569 2812 682 2870 ὅλην
711 2813 792 2857 Nr.
828 2841 883 2856 .—
916 2819 942 2868 5
973 2818 1063 2858 252
1090 2812 1341 2859 ὑπόθεσιν·
1383 2814 1463 2858 καὶ
1494 2812 1553 2858 τὰ
1584 2812 1670 2870 μὲν
1701 2821 1794 2859 τῶν

98 2885 236 2941 ἱερῶν
267 2885 318 2931 ἐν
349 2884 516 2948 ἐρημίᾳ
545 2891 780 2939 παντελῶς
810 2888 945 2943 εἰσιν,
974 2886 1032 2931 τὰ
1063 2886 1117 2932 δὲ
1147 2886 1582 2944 ἐμπερισπούδαστα
1603 2887 1792 2944 καθάρ-
