2032 3128
678 128 887 170 ΛΟΓΟΣ
919 126 1205 167 ΕΒΔοΜοΣ
1678 118 1780 169 171

104 259 235 316 οὐδὲ
274 263 377 330 γάρ
417 262 559 330 ἡμᾶς
596 261 629 329 ἡ
669 267 770 314 τοῦ
809 261 1083 329 φρουρίου
1122 259 1290 327 φύσις
1329 255 1608 317 ἀνάλωτος
1647 249 1785 307 οὖσα

104 352 241 409 πρὸς
280 353 558 418 σωτηρίαν
598 348 898 417 ὠφέληκεν,
946 346 1084 399 ἀλλά
1122 344 1215 398 καὶ
1253 352 1463 412 τροφῆς
1500 342 1786 412 ἀφθονίαν

104 427 195 481 καὶ
233 433 449 496 πλῆθος
487 438 672 490 ὅπλων
711 435 801 489 καὶ
840 437 941 504 τὴν
972 436 1146 502 ἄλλην
1179 436 1396 501 ἔχοντες
1433 429 1788 500 παρασκευὴν

103 518 553 584 περιττεύουσαν,
608 515 701 568 ὑπ’
746 517 919 568 αὐτοῦ
971 523 1289 583 περιφανῶς
1342 529 1450 566 τοῦ
1493 524 1635 571 θεοῦ
1688 517 1790 584 τὴν

60 626 81 659 5
106 605 299 659 ἐλπίδα
343 612 440 673 τῆς
485 607 756 674 σωτηρίας
803 602 1164 673 ἀφῃρήμεθα·
1214 601 1396 670 <332>
1435 602 1496 653 τὸ
1536 601 1640 667 γὰρ
1679 611 1791 670 πῦρ

103 696 181 756 είς
225 696 354 756 τοὺς
399 696 698 762 πολεμίους
743 694 1055 760 φερόμενον
1094 690 1196 743 οὐκ
1243 689 1561 758 αὐτομάτως
1604 686 1691 741 ἐπὶ
1729 690 1790 742 τὸ

102 777 550 835 κατασκευασθὲν
588 791 769 845 τεῖχος
804 775 903 846 ὑφ’
934 779 1089 845 ἡμῶν
1128 775 1484 845 ἀνέστρεψεν,
1527 774 1643 830 ἀλλ’
1678 778 1792 829 ἔστι

101 878 270 919 ταῦτα
308 870 472 935 χόλος
508 869 729 918 πολλῶν
760 864 1131 933 ἀδικημάτων,
1172 864 1205 917 ἃ
1245 864 1508 932 μανέντες
1547 866 1626 927 εἰς
1663 867 1793 926 τοὺς

102 954 423 1023 ὁμοφύλους
484 952 881 1022 ἐτολμήσαμεν..
966 952 1149 1020 <333>
1212 949 1350 1022 ὑπὲρ
1411 948 1490 1005 ὧν
1545 953 1617 1022 μὴ
1678 963 1793 1016 τοῖς

34 1064 77 1096 10
103 1042 377 1112 ἐχθίστοις
401 1040 684 1110 Ῥωμαίοις
716 1043 872 1103 δίκας
903 1040 1042 1094 ἀλλὰ
1074 1048 1149 1112 τῷ
1181 1046 1298 1113 θεῷ
1333 1039 1407 1093 δι’
1424 1040 1579 1110 ἡμῶν
1607 1041 1791 1094 αὐτῶν

99 1130 443 1199 ὑπόσχωμεν.
498 1126 660 1183 αὗται
694 1128 742 1182 δ’
768 1128 910 1182 εἰσὶν
941 1129 1167 1182 ἐκείνων
1197 1130 1576 1199 μετριώτεραι·
1611 1129 1792 1198 <334>

98 1218 497 1287 θνησκέτωσαν
528 1219 633 1288 γὰρ
667 1227 924 1286 γυναῖκες
956 1217 1279 1287 ἀνύβριστοι
1311 1216 1403 1271 καὶ
1437 1219 1628 1280 παῖδες
1661 1219 1791 1271 δου-

99 1311 247 1370 λείας
294 1307 602 1377 ἀπείρατοι,
656 1307 790 1375 μετά
838 1304 886 1358 δ’
927 1306 1128 1368 αὐτοὺς
1175 1307 1327 1375 ἡμεῖς
1375 1306 1572 1375 εὐγενῆ
1627 1306 1791 1376 χάριν

100 1396 358 1464 ἀλλήλοις
395 1397 783 1465 παράσχωμεν,
822 1397 993 1449 καλὸν
1026 1394 1292 1464 ἐντάφιον
1331 1396 1433 1464 τὴν
1467 1395 1793 1462 ἐλευθερίαν

33 1505 76 1538 15
101 1483 473 1553 φυλάξαντες-ι
533 1484 716 1553 <335>
755 1486 1028 1554 πρότερον
1069 1481 1130 1536 δὲ
1176 1481 1266 1536 καὶ
1305 1484 1371 1536 τά
1415 1485 1662 1552 χρήματα
1700 1482 1792 1536 καὶ

102 1575 164 1626 τὸ
197 1575 473 1644 φρούριον
503 1571 640 1642 πυρὶ
673 1575 1114 1643 διαφθείρωμεν·
1155 1574 1497 1641 λυπήσονται
1534 1572 1637 1640 γὰρ
1664 1569 1792 1623 Ῥω-

102 1671 273 1731 μαῖοι,
313 1671 502 1731 σαφῶς
539 1658 684 1729 οἶδα,
723 1664 854 1730 μήτε
894 1670 1007 1713 τῶν
1041 1658 1322 1729 ἡμετέρων
1354 1660 1623 1728 σωμάτων
1660 1679 1792 1726 κρα-

101 1752 364 1819 τήσαντες
422 1748 515 1803 καὶ
576 1757 675 1803 τοῦ
729 1748 962 1818 κέρδους
1023 1748 1368 1818 ἁμαρτόντες.
1461 1748 1643 1817 <336>
1697 1749 1794 1811 τὰς

103 1840 310 1909 τροφὰς
370 1841 543 1908 μόνας
596 1838 869 1906 ἐάσωμεν·
933 1834 1095 1890 αὗται
1149 1838 1253 1907 γὰρ
1308 1837 1440 1905 ἡμῖν
1494 1839 1793 1906 τεθνηκόσι

8 1951 79 1983 <20
103 1929 551 1998 μαρτυρήσουσιν
592 1927 675 1980 ὅτι
724 1928 798 1996 μὴ
850 1924 924 1979 δι’
957 1925 1618 1996 ἔνδειαν-ἐκρατήθημεν,
1665 1924 1785 1979 ἀλλ’

103 2016 283 2086 ὥσπερ
340 2015 395 2080 ἐξ
450 2015 619 2086 ἀρχῆς
674 2014 1008 2084 διέγνωμεν,
1067 2015 1316 2068 θάνατον
1373 2012 1626 2083 ἑλόμενοι
1683 2017 1791 2085 πρὸ

103 2104 390 2167 δουλείαςῖ

212 2193 391 2262 <337>
430 2202 600 2247 ταῦτα
641 2190 960 2263 Ἐλεάζαρος
1000 2194 1205 2260 ἔλεγεν,
1252 2191 1320 2245 οὐ
1358 2192 1468 2260 μὴν
1506 2189 1627 2244 κατ’
1658 2191 1792 2245 αὐτὸ

100 2292 219 2345 ταῖς
264 2283 509 2351 γνώμαις
554 2281 888 2350 προσέπιπτε
928 2290 1040 2334 τῶν
1079 2283 1392 2348 παρόντων,
1440 2279 1559 2333 ἀλλ’
1591 2283 1649 2333 οἳ
1691 2277 1794 2348 μὲν

34 2393 77 2425 25
103 2373 373 2426 ἔσπευδον
390 2371 693 2424 ὑπακούειν
713 2369 804 2423 καὶ
829 2373 1004 2439 μόνον
1022 2369 1122 2439 οὐχ
1146 2369 1351 2438 ἡδονῆς
1373 2367 1793 2437 ἐνεπίμπλαντο,

101 2463 273 2514 καλὸν
311 2457 454 2514 εἶναι
499 2463 598 2514 τὸν
642 2461 894 2514 θάνατον
939 2463 1280 2529 νομίζοντες,
1330 2459 1513 2528 <338>
1558 2461 1689 2522 τοὺς
1736 2457 1786 2511 δ’

103 2550 285 2603 αὐτῶν
324 2549 745 2619 μαλακωτέρους
783 2558 1064 2617 γυναικῶν
1102 2546 1192 2602 καὶ
1231 2556 1423 2616 γενεᾶς
1463 2544 1645 2611 οἶκτος
1682 2550 1795 2600 εἰσ-
1863 2560 1865 2562 ’

103 2635 238 2709 ῄει·>
267 2639 485 2702 πάντως
539 2636 602 2692 δὲ
654 2637 762 2691 καὶ
799 2645 894 2706 τῆς
949 2635 1160 2691 ἑαυτῶν
1205 2638 1489 2708 προδήλου
1517 2640 1795 2704 ’τελευτῆς

2 2789 8 2799 x
103 2729 182 2790 εἰς
227 2727 498 2796 ἀλλήλους
544 2725 948 2797 ἀποβλέποντες
990 2737 1104 2790 τοῖς
1151 2727 1412 2795 δακρύοις
1448 2726 1510 2779 τὸ
1550 2726 1623 2794 μὴ
1662 2727 1795 2793 βου-

0 2812 7 2844 ³
28 2837 81 2870 ..το
105 2818 343 2884 λόμενον
380 2825 476 2886 τῆς
512 2818 734 2886 γνώμης
773 2815 1087 2885 ἐσήμαινον.
1164 2815 1348 2884 <339>
1386 2815 1617 2877 τούτους
1657 2815 1795 2867 ἰδὼν

0 2897 3 2900 ’
95 2901 416 2974 Ἐλεάζαρος
470 2904 905 2967 ἀποδειλιῶντας
957 2902 1049 2957 καὶ
1102 2905 1242 2973 πρὸς
1290 2906 1351 2957 τὸ
1406 2902 1643 2972 μέγεθος
1695 2910 1795 2956 τοῦ
