2032 3128
179 129 287 181 220
786 131 945 172 ΚΑΤΑ
976 129 1254 173 ΑΠῙῼΝΟΣ

179 265 420 317 σταδίων
465 265 567 332 τὴν
612 266 961 334 περίμετρον,
1013 264 1084 332 ἣν
1131 265 1346 317 οἰκοῦσι
1397 261 1498 332 μὲν
1545 262 1861 333 ἀνθρώπων

176 349 301 421 περὶ
341 352 555 404 δώδεκα
594 353 880 422 μυριάδες,
927 356 1159 406 καλοῦσι
1200 349 1248 404 δ’
1282 351 1454 420 αὐτὴν
1493 349 1861 420 Ἱεροσόλυμα.

176 439 359 508 <198>
392 439 639 494 ἐνταῦθα
673 438 721 493 δ’
747 442 861 493 ἔστι
892 441 1027 493 κατὰ
1062 439 1233 507 μέσον
1264 440 1496 509 μάλιστα
1527 447 1622 508 τῆς
1651 442 1863 501 πόλεως

174 531 467 597 περίβολος
505 531 747 597 λίθινος,
794 537 963 597 μῆκος
1002 529 1076 591 ὡς
1112 529 1552 597 πεντάπλεθρος,
1599 524 1762 597 εὖρος
1801 524 1862 580 δὲ

174 625 365 686 πηχῶν
406 615 620 686 ἑκατόν,
664 619 806 686 ἔχων
846 619 1043 680 διπλᾶς
1079 618 1268 680 πύλας.
1345 616 1406 669 ἐν
1444 611 1487 690 ᾧ
1527 619 1709 686 βωμός
1748 616 1861 669 ε’στι
1909 636 1932 670 5

173 706 539 776 τετράγωνος,
580 705 682 759 οὐκ
721 706 780 758 ἐκ
818 715 1035 775 τμητῶν
1075 705 1193 759 ἀλλ’
1226 705 1284 759 ἐκ
1324 704 1636 759 συλλέκτων
1677 706 1862 775 ἀργῶν

174 796 354 847 λίθων
394 795 536 848 οὕτω
579 798 953 862 συγκείμενος,
991 795 1236 864 πλευρὰν
1276 792 1377 864 μὲν
1419 781 1651 862 ἑκάστην
1689 799 1863 847 εἴκοσι

171 884 410 951 πήχεων,
464 883 606 947 ὕψος
653 880 714 936 δὲ
762 883 1054 952 δεκάπηχυ.
1140 881 1230 936 καὶ
1280 880 1406 949 παρ’
1445 882 1617 935 αὐτὸν
1664 886 1864 950 οἴκημα

171 970 334 1040 μέγα,
389 968 456 1025 οὗ
503 974 689 1040 βωμός
735 971 848 1024 ε’στι
898 970 989 1024 καὶ
1037 974 1286 1041 λυχνίον,
1341 971 1623 1040 ἀμφότερα
1668 978 1863 1041 χρυσᾶ,

172 1061 274 1112 δύο
321 1060 560 1113 τάλαντα
605 1061 707 1128 τὴν
756 1060 940 1127 ὁλκήν.
1019 1061 1198 1129 (199)
1247 1058 1334 1113 ἐπὶ
1382 1057 1442 1112 δὲ
1488 1060 1702 1113 τούτων
1745 1069 1863 1128 φῶς
1889 1078 1932 1110 10

172 1148 321 1201 ε’στιν
369 1147 783 1216 ἀναπόσβεστον
829 1146 922 1201 καὶ
966 1149 1061 1211 τὰς
1113 1149 1314 1211 νύκτας
1367 1146 1459 1201 καὶ
1505 1150 1599 1211 τὰς
1645 1148 1862 1219 ἡμέρας.

170 1238 388 1305 ἄγαλμα
428 1235 476 1289 δ’
510 1236 611 1290 οὐκ
656 1238 807 1289 ἔστιν
847 1233 970 1290 οὐδ’
1001 1236 1266 1305 ἀνάθημα
1304 1238 1365 1290 τὸ
1404 1237 1684 1306 παράπαν,
1732 1236 1866 1292 οὐδὲ

169 1328 422 1395 φύτευμα
460 1330 742 1388 παντελῶς
778 1324 964 1394 οὐδέν,
1004 1318 1126 1379 οἷον
1159 1325 1404 1389 ἀλσῶδες
1441 1327 1475 1394 ἥ
1508 1346 1559 1379 τι
1591 1333 1864 1380 τοιοῦτον.

170 1417 519 1483 διατρίβουσι
554 1411 603 1467 δ’
629 1413 689 1467 ἐν
722 1414 870 1486 αὐτῷ
902 1413 992 1467 καὶ
1024 1416 1121 1477 τὰς
1157 1415 1360 1478 νύκτας
1397 1413 1491 1468 καὶ
1529 1416 1626 1478 τὰς
1663 1414 1867 1484 ἡμέρας

170 1504 354 1571 ἱερεῖς,
391 1501 613 1571 ἁγνείας
644 1503 801 1566 τινὰς
832 1501 1162 1570 ἁγνεύοντες
1198 1500 1289 1556 καὶ
1319 1505 1382 1557 τὸ
1413 1503 1673 1574 παράπαν
1706 1500 1864 1558 οἶνον
1891 1526 1933 1559 15

169 1591 236 1644 οὐ
277 1593 533 1654 πίνοντες
573 1590 632 1644 ἐν
672 1598 746 1663 τῷ
790 1591 955 1662 ἱερῷ.’
1033 1592 1218 1661 <200>
1257 1593 1336 1660 ἔτι
1382 1611 1444 1660 γε
1493 1593 1603 1660 μὴν
1643 1592 1727 1645 ὅτι
1773 1591 1864 1646 καὶ

162 1679 506 1753 Ἀλεξάνδρῳ
531 1687 606 1751 τῷ
632 1682 855 1748 βασιλεῖ
882 1681 1389 1750 συνεστρατεύομεν
1413 1679 1503 1734 καὶ
1537 1682 1670 1749 μετὰ
1693 1689 1866 1734 ταῦτα

170 1778 286 1832 τοῖς
317 1770 599 1838 διαδόχοις
631 1767 804 1821 αὐτοῦ
837 1770 1279 1838 μεμαρτύρηκεν·
1313 1762 1396 1832 οἷς
1427 1768 1480 1822 δ’
1498 1769 1662 1832 αὐτὸς
1692 1789 1866 1840 παρα-

171 1868 359 1928 τυχεῖν
389 1871 562 1927 φησιν
593 1852 686 1910 ὑπ’
717 1857 923 1928 ἀνδρὸς
956 1854 1233 1912 Ἰουδαίου
1272 1859 1408 1911 κατὰ
1442 1860 1544 1928 τὴν
1577 1864 1865 1930 στρατείαν

171 1946 508 2015 γενομένοις,
539 1954 710 1999 ταῦτα
740 1948 1151 2017 παραθήσομαι.
1207 1946 1389 2016 <201>
1423 1947 1570 2015 λέγει
1604 1946 1652 2001 δ’
1678 1949 1864 2013 οὕτως.
1890 1972 1934 2005 20

173 2035 335 2104 εε’μοῦ
389 2044 529 2103 γοῦν
583 2032 670 2088 ἐπὶ
724 2037 826 2103 τὴν
874 2033 1156 2106 Ἐρυθρὰν
1201 2037 1495 2089 θάλασσαν
1542 2038 1866 2106 βαδίζοντος

172 2125 577 2193 συνηκολούθει
623 2143 706 2187 τις
750 2125 884 2192 μετὰ
931 2133 1043 2177 τῶν
1082 2125 1268 2178 ἄλλων
1315 2133 1428 2178 τῶν
1472 2130 1865 2196 παραπεμπόν-

169 2233 281 2266 των
319 2213 460 2281 ἡμᾶς
500 2211 709 2265 ἱππέων
741 2210 1057 2282 Ἰουδαίων,
1106 2215 1283 2283 ὄνομα
1322 2217 1721 2284 Μοσόλλαμος,
1769 2217 1864 2269 ἄν-

168 2307 396 2372 θρωπος
452 2303 639 2364 ἱκανὸς
693 2303 828 2354 κατὰ
879 2305 1089 2372 ψυχήν,
1146 2303 1445 2374 εὔρωστος,
1498 2302 1589 2357 καὶ
1642 2303 1865 2372 τοξότης

167 2391 276 2444 ὑπὸ
318 2392 387 2459 δὴ
426 2391 651 2443 πάντων
690 2391 1136 2460 ὁμολογούμενος
1173 2391 1263 2445 καὶ
1303 2401 1415 2445 τῶν
1449 2390 1733 2461 Ἑλλήνων
1771 2392 1862 2446 καὶ
1888 2414 1931 2447 25

167 2488 278 2532 τῶν
311 2479 610 2550 βαρβάρων
642 2480 877 2550 ἄριστος.
949 2479 1130 2549 <202>
1163 2476 1324 2544 οὗτος
1363 2476 1467 2534 οὖν
1500 2482 1530 2535 ὁ
1562 2482 1864 2552 ἄνθρωπος

169 2569 605 2636 διαβαδιζόντων
650 2571 874 2621 πολλῶν
921 2569 1057 2621 κατὰ
1106 2570 1208 2638 τὴν
1255 2569 1418 2638 ὁδόν,
1472 2568 1563 2622 καὶ
1617 2570 1864 2638 μάντεώς

167 2676 319 2718 τινος
365 2654 809 2726 ὀρνιθευομένου
863 2655 954 2709 καὶ
1007 2657 1216 2720 πάντας
1263 2657 1507 2727 ἐπισχεῖν
1553 2657 1861 2727 ἀξιοῦντος,

166 2746 415 2813 ἠρώτησε
455 2746 548 2797 διὰ
587 2747 644 2798 τί
677 2744 1069 2814 προσμένουσι.
1137 2746 1319 2816 <203>
1356 2746 1636 2811 δείξαντος
1668 2744 1730 2800 δὲ
1761 2755 1862 2801 τοῦ

166 2834 414 2902 μάντεως
472 2834 618 2905 αὐτῷ
674 2835 772 2886 τὸν
827 2835 1032 2904 ὄρνιθα
1093 2833 1185 2888 καὶ
1245 2831 1547 2905 φήσαντος,
1612 2834 1710 2888 ε’ἀν
1759 2833 1860 2904 μὲν
1884 2858 1930 2890 30

166 2921 339 2997 αὐτοῦ
380 2921 538 2993 μένῃ,
576 2920 910 2993 προσμένειν
951 2923 1254 2994 συμφέρειν
1292 2932 1478 2993 πᾶσιν,
1521 2924 1616 2978 ἐὰν
1654 2920 1703 2977 δ’
1730 2923 1860 2977 ἀνα-
