2032 3128
670 145 880 186 ΛΟΓΟΣ
912 145 1199 187 ΕΒΔΟΜΟΣ
1416 112 1421 117 ’
1663 144 1688 194 1
1698 144 1725 195 7
1734 144 1766 196 9

91 278 256 331 ταύτὸ
305 278 678 346 σωρεύσαντες
722 284 832 345 πῦρ
884 279 960 339 εἰς
1014 276 1187 346 αὐτὴν
1241 277 1528 347 ἐνέβαλον,
1588 278 1772 347 <395>

90 368 274 438 κλήρῳ
316 363 362 418 δ’
405 364 459 428 ἐξ
499 365 682 418 αὑτῶν
722 363 974 438 ἑλόμενοι
1014 364 1145 417 δέκα
1175 368 1304 428 τοὺς
1338 365 1595 419 ἁπάντων
1636 381 1771 435 σφα-

91 463 204 521 γεῖς
244 452 562 522 ἐσομένους,
608 453 698 505 καὶ
745 455 973 521 γυναικί
1016 472 1099 515 τις
1136 453 1306 505 αὑτὸν
1344 453 1433 507 καὶ
1471 453 1626 508 παισὶ
1664 474 1772 507 κει-

91 540 278 609 μένοις
315 543 711 611 παραστρώσας
748 540 839 594 καὶ
877 542 972 603 τὰς
1002 549 1186 610 χεῖρας
1215 544 1548 610 περιβαλών,
1586 553 1770 612 παρεῖ-

45 652 65 682 5
88 649 188 696 χον
222 628 473 699 ἑτοίμους
503 631 597 692 τὰς
628 631 844 698 σφαγὰς
873 639 989 691 τοῖς
1018 630 1119 697 τὴν
1153 630 1428 697 δύστηνον
1459 629 1770 697 ὑπουργίαν

88 714 418 769 ἐκτελοῦσιν.
458 718 640 782 <396>
682 722 739 770 οἳ
775 716 822 770 δ’
862 716 1131 784 ἀτρέστως
1161 717 1369 780 πάντας
1398 718 1770 786 φονεύσαντες

86 804 183 856 τὸν
238 804 409 857 αὐτὸν
463 801 546 856 ἐπ’
598 802 857 872 ἀλλήλοις
906 812 1004 856 τοῦ
1054 806 1261 872 κλήρου
1313 808 1488 873 νόμον
1544 806 1768 874 ὥρισαν,

85 891 157 944 ἵν’
212 892 241 946 ὁ
297 893 480 962 λαχὼν
541 894 671 954 τοὺς
725 890 884 944 ἐννέα
938 895 1154 955 κτείνας
1209 890 1406 946 ἑαυτὸν
1460 891 1548 946 ἐπὶ
1601 901 1770 946 πᾶσιν

85 980 267 1052 ἀνέλῃ.
343 981 541 1042 πάντες
591 979 765 1042 οὕτως
816 979 1095 1049 ἐθάρρουν
1148 978 1363 1044 ἑαυτοῖς
1411 979 1531 1050 μήτ’
1583 983 1661 1044 εἰς
1706 984 1768 1036 τὸ

18 1093 60 1125 10
86 1070 225 1138 δρᾶν
254 1067 374 1138 μήτ’
400 1070 479 1132 εἰς
508 1069 570 1121 τὸ
602 1074 806 1121 παθεῖν
834 1070 998 1131 ἄλλος
1030 1070 1202 1122 ἄλλου
1235 1067 1534 1139 διαφέρειν.
1586 1070 1768 1137 <397>

83 1156 174 1210 καὶ
219 1156 374 1220 τέλος
412 1160 470 1210 οἳ
512 1154 613 1226 μὲν
652 1158 747 1219 τὰς
793 1158 1008 1226 σφαγὰς
1054 1156 1355 1226 ὑπέθεσαν,
1401 1158 1430 1211 ὁ
1471 1157 1521 1211 δ’
1554 1151 1633 1221 εἷς
1678 1157 1770 1211 καὶ

81 1250 392 1309 τελευταῖος
429 1248 490 1299 τὸ
536 1249 752 1313 πλῆθος
790 1254 901 1299 τῶν
939 1244 1207 1315 κειμένων
1246 1249 1647 1316 περιαθρήσας,
1695 1250 1768 1316 μή

81 1336 190 1388 πού
229 1355 310 1398 τις
348 1337 426 1387 ἔτι
468 1333 527 1387 ἐν
565 1338 749 1405 πολλῷ
791 1336 947 1406 φόνῳ
979 1342 1074 1403 τῆς
1105 1335 1276 1388 αὐτοῦ
1308 1337 1550 1388 λείπεται
1588 1338 1771 1405 χειρὸς

83 1425 361 1493 δεόμενος,
402 1423 475 1486 ὡς
506 1424 647 1491 ἔγνω
680 1422 888 1485 πάντας
918 1422 1316 1494 ἀνῃρημένους,
1350 1431 1460 1493 πῦρ
1493 1420 1594 1492 μὲν
1625 1426 1769 1477 πολὺ

15 1535 58 1568 15
82 1522 195 1574 τοῖς
241 1514 541 1580 βασιλείοις
580 1510 819 1580 ἐνίησιν,
870 1511 1053 1582 ἀθρόᾳ
1093 1508 1154 1564 δὲ
1191 1519 1256 1581 τῇ
1297 1509 1437 1581 χειρὶ
1477 1509 1548 1564 δι’
1597 1512 1769 1566 αὑτοῦ

78 1608 189 1653 πᾶν
237 1600 432 1663 ἐλάσας
477 1600 537 1653 τὸ
586 1601 743 1668 ξίφος
788 1603 1024 1667 πλησίον
1072 1608 1181 1652 τῶν
1229 1601 1448 1653 οἰκείων
1492 1599 1767 1654 κατέπεσε.

79 1689 259 1758 <398>
291 1687 382 1742 καὶ
421 1691 479 1742 οἳ
513 1685 615 1757 μὲν
647 1687 1015 1756 ἐτεθνήκεσαν
1046 1688 1407 1758 ὑπειληφότες
1438 1686 1606 1742 οὐδὲν
1637 1691 1766 1759 ἔχον

78 1779 261 1848 ψυχὴν
329 1778 650 1847 ὑποχείριον
719 1776 773 1841 ἐξ
844 1776 1028 1830 αὑτῶν
1087 1775 1369 1846 Ῥωμαίοις
1429 1782 1766 1846 καταλιπεῖν,

79 1868 261 1935 <399>
300 1869 466 1920 ἔλαθε
514 1863 576 1919 δὲ
621 1867 762 1934 γυνὴ
809 1869 1105 1935 πρεσβῦτις
1154 1864 1246 1918 καὶ
1293 1867 1563 1935 συγγενὴς
1610 1864 1766 1936 ἑτέρα

11 1960 54 2011 ’20
78 1976 159 2019 τις
190 1954 532 2026 Ἐλεαζάρου,
571 1957 840 2024 φρονήσει
879 1952 970 2007 καὶ
1008 1955 1231 2026 παιδεία
1274 1959 1533 2008 πλεῖστον
1572 1975 1765 2023 γυναι-
1795 1990 1799 1997 -

76 2053 190 2097 κῶν
245 2042 618 2112 διαφέρουσα,
671 2041 762 2096 καὶ
818 2041 979 2096 πέντε
1029 2044 1223 2096 παιδία
1276 2051 1391 2105 τοῖς
1443 2042 1765 2112 ὑπονόμοις,

77 2135 136 2186 οἳ
183 2134 355 2186 ποτὸν
411 2129 551 2200 ἦγον
599 2132 752 2202 ὕδωρ
809 2133 901 2184 διὰ
955 2139 1082 2200 γῆς,
1137 2131 1608 2201 ἐγκατακρυβῆναι
1652 2142 1764 2186 τῶν

76 2223 261 2274 ἄλλων
307 2222 445 2290 πρὸς
488 2228 554 2291 τῇ
603 2228 785 2290 σφαγῇ
832 2221 927 2283 τὰς
973 2221 1222 2283 διανοίας
1267 2219 1532 2291 ἐχόντων,
1584 2220 1763 2288 <4ΟΟ>

77 2314 135 2364 οἳ
167 2311 264 2364 τὸν
305 2309 548 2378 ἀριθμὸν
594 2305 737 2378 ἦσαν
784 2307 1046 2378 ἑξήκοντα
1092 2310 1230 2380 πρὸς
1274 2319 1389 2372 τοῖς
1437 2308 1761 2379 ἐνακοσίοις,

9 2423 50 2455 25
75 2407 357 2468 γυναικῶν
405 2399 516 2468 ἅμα
562 2396 656 2451 καὶ
699 2399 915 2451 παίδων
970 2397 1156 2459 αὐτοῖς
1206 2397 1762 2468 συναριθμουμένων.

75 2488 254 2556 <401>
284 2485 375 2540 καὶ
405 2488 468 2540 τὸ
501 2483 603 2556 μὲν
637 2486 820 2549 πάθος
850 2485 1098 2558 ἐπράχθη
1130 2486 1585 2557 πεντεκαιδεκάτῃ
1618 2486 1761 2548 Ξαν-

74 2583 242 2631 θικοῦ
282 2579 467 2645 μηνός.

187 2666 368 2734 <402>
401 2665 459 2718 οἱ
487 2661 548 2718 δὲ
571 2663 826 2733 Ῥωμαῖοι
858 2663 1038 2734 μάχην
1070 2665 1149 2717 ἔτι
1178 2665 1613 2734 προσδοκῶντες,
1650 2663 1758 2717 ὑπὸ

73 2756 175 2824 τὴν
228 2754 298 2807 ἕω
354 2754 850 2822 διασκευασάμενοι
898 2751 989 2805 καὶ
1038 2753 1133 2815 τὰς
1179 2752 1285 2806 ἀπὸ
1333 2762 1444 2805 τῶν
1491 2752 1759 2823 χωμάτων

6 2845 52 2899 ’30
76 2843 313 2914 ἐφόδους
372 2852 490 2907 ταῖς
551 2842 880 2911 ἐπιβάθραις
932 2842 1378 2911 γεφυρώσαντες,
1440 2843 1759 2912 προσβολὴν

75 2932 380 2986 ἐποιοῦντο.
432 2931 615 3002 <403>
646 2929 942 3001 βλέποντες
981 2928 1031 2983 δ’
1070 2928 1274 2984 οὐδένα
1311 2939 1422 2983 τῶν
1461 2933 1758 2999 πολεμίων,

1405 3017 1491 3060 12*
