2032 3128
708 108 918 151 ΛΟΓΟΣ
950 108 1274 151 ΠΡοΤΕΡοΣ
1734 105 1843 158 205

154 241 429 309 ἀλλήλους
474 239 839 310 πραχθέντων
878 243 1093 310 μνήμης
1135 240 1318 305 ἀξίων.
1396 241 1579 310 <108>
1621 240 1680 293 ἐν
1719 242 1845 293 τού-

153 349 267 391 τοις
305 327 604 397 γέγραπται
640 329 722 381 ὅτι
755 329 782 381 6
818 328 877 380 ἐν
909 326 1313 397 Ἱεροσολύμοις
1344 324 1680 400 ᾠκοδομήθη
1712 330 1847 390 ναὸς

152 417 260 470 ὑπὸ
315 421 655 484 Σολομῶνος
706 425 807 470 τοῦ
861 415 1131 485 βασιλέως
1185 419 1328 469 ἔτεσι
1385 423 1594 470 θᾶττον
1652 416 1847 470 ἑκατὸν

151 505 559 573 τεσσαράκοντα
605 502 696 557 καὶ
743 503 925 574 τρισὶν
971 503 1062 558 καὶ
1114 503 1282 573 μησὶν
1331 505 1470 558 ὀκτὼ
1518 514 1617 559 τοῦ
1663 509 1846 558 κτίσαι

108 615 128 648 5
162 597 398 663 Τυρίους
443 595 793 663 Καρχηδόνα.
877 593 1057 662 <109>
1103 593 1384 663 ἀνεγράφη
1437 591 1496 646 δὲ
1542 592 1669 661 παρ’
1712 594 1846 647 ἐκεί-

152 702 273 744 νοις
304 681 406 734 οὐκ
438 680 651 749 ἀλόγως
688 681 722 749 ἡ
754 690 854 735 τοῦ
885 690 1026 736 ναοῦ
1058 684 1363 751 κατασκευὴ
1397 690 1498 735 τοῦ
1535 680 1662 751 παρ’
1684 682 1845 750 ἡμῖν·

152 771 415 840 Εἴρωμος
470 771 574 838 γὰρ
623 769 652 823 ὁ
699 779 810 822 τῶν
849 773 1069 840 Τυρίων
1116 773 1376 838 βασιλεὺς
1422 774 1585 839 φίλος
1629 767 1699 837 ἧν
1746 777 1846 823 τοῦ

152 857 420 928 βασιλέως
486 858 643 927 ἡμῶν
707 862 1066 927 Σολομῶνος,
1137 861 1410 927 πατρικὴν
1471 860 1607 929 πρὸς
1675 859 1845 912 αὐτὸν

151 950 346 1016 φιλίαν
394 946 835 1016 διαδεδεγμένος.
919 947 1101 1014 <110>
1150 943 1312 1009 οὗτος
1367 943 1470 1000 οὖν
1522 951 1846 1016 συμφιλοτι-

87 1059 129 1090 10
153 1036 429 1105 μούμενος
471 1037 550 1098 εἰς
587 1036 689 1104 τὴν
728 1044 826 1089 τοῦ
873 1027 1386 1104 κατασκευάσματος
1430 1043 1504 1106 τῷ
1548 1039 1846 1103 Σολομῶνι

152 1127 529 1195 λαμπρότητα,
575 1132 786 1194 χρυσοῦ
826 1122 926 1192 μὲν
965 1130 1141 1178 εἴκοσι
1180 1122 1271 1177 καὶ
1312 1123 1508 1178 ἑκατὸν
1547 1125 1716 1176 ἔδωκε
1755 1124 1846 1176 τά-

151 1218 347 1281 λαντα,
410 1214 590 1282 τεμὼν
647 1210 708 1266 δὲ
769 1216 1068 1282 καλλίστην
1122 1214 1264 1282 ὕλην
1320 1213 1379 1266 ἐκ
1433 1221 1533 1266 τοῦ
1596 1214 1762 1282 ὄρους
1817 1212 1845 1264 ὃ

151 1307 395 1355 καλεῖται
434 1305 706 1370 Λίβανος,
753 1305 831 1365 εἰς
876 1304 974 1355 τὸν
1021 1304 1234 1372 ὄροφον
1282 1301 1615 1355 ἀπέστειλεν.
1693 1301 1847 1354 ἀντε-

153 1392 440 1462 δωρήσατο
482 1388 532 1444 δ’
564 1391 735 1445 αὐτὸν
775 1391 804 1445 6
845 1393 1120 1459 Σολομὼν
1159 1393 1348 1454 ἄλλοις
1386 1411 1442 1444 τε
1482 1395 1711 1453 πολλοῖς
1755 1388 1846 1443 καὶ

85 1501 127 1534 15
151 1487 220 1548 γῇ
260 1481 397 1532 κατὰ
435 1481 622 1549 χώραν
661 1489 755 1549 τῆς
786 1482 1084 1543 Γαλιλαίας
1121 1489 1185 1551 τῇ
1220 1482 1528 1550 Χαβουλὼν
1560 1478 1845 1549 λεγομένῃ.

152 1568 335 1636 <111>
388 1569 625 1637 μάλιστα
682 1567 732 1620 δ’
773 1569 977 1631 αὐτοὺς
1030 1571 1108 1631 εἰς
1160 1573 1355 1639 φιλίαν
1410 1569 1443 1637 ἡ
1498 1557 1593 1637 τῆς
1646 1571 1846 1637 σοφίας

151 1664 394 1725 συνῆγεν
436 1657 727 1727 ἐπιθυμία·
775 1659 1134 1727 προβλήματα
1174 1659 1277 1728 γὰρ
1319 1658 1576 1725 ἀλλήλοις
1615 1657 1846 1710 ἀνταπέ-

150 1749 382 1798 στελλον
421 1747 578 1798 λύειν
614 1747 953 1815 κελεύοντες,
992 1744 1082 1799 καὶ
1122 1750 1384 1816 κρείττων
1421 1746 1482 1799 ἐν
1520 1747 1738 1810 τούτοις
1775 1742 1844 1814 ἦν

150 1834 180 1888 6
220 1835 495 1904 Σολομὼν
535 1832 666 1906 (ὢν)
712 1833 803 1887 καὶ
849 1837 1020 1888 τᾶλλα
1068 1836 1398 1905 σοφώτερος.
1477 1836 1743 1899 σώζονται
1785 1832 1845 1887 δὲ

12 1939 17 1942 ’
82 1945 127 1977 20
150 1921 304 1992 μέχρι
354 1931 461 1976 νῦν
508 1925 658 1992 παρὰ
704 1934 819 1986 τοῖς
865 1927 1090 1994 Τυρίοις
1134 1922 1335 1977 πολλαὶ
1380 1934 1493 1977 τῶν
1541 1923 1846 1977 ἐπιστολῶν

149 2011 213 2074 ἃς
256 2011 460 2065 ἐκεῖνοι
506 2012 645 2079 πρὸς
691 2011 966 2080 ἀλλήλους
1012 2014 1273 2082 ἔγραψαν.
1350 2013 1530 2080 <112>
1569 2012 1654 2064 ὅτι
1695 2009 1747 2064 δ’
1777 2012 1845 2065 οὐ

149 2102 314 2169 λόγος
364 2099 515 2154 ἐστὶν
562 2098 659 2153 ὑπ’
699 2100 835 2169 ἐμοῦ
889 2105 1246 2170 συγκείμενος
1293 2101 1322 2154 6
1368 2100 1495 2169 περὶ
1541 2110 1653 2153 τῶν
1698 2102 1846 2168 παρὰ

149 2199 265 2251 τοῖς
299 2191 523 2256 Τυρίοις
562 2174 912 2259 γραμμάτων,
952 2192 1350 2259 παραθήσομαι
1390 2190 1642 2259 μάρτυρα
1681 2193 1847 2257 Δῖον,

148 2279 328 2347 ἄνδρα
366 2276 492 2346 περὶ
531 2279 634 2347 τὴν
668 2280 999 2347 Φοινικικὴν
1032 2279 1282 2348 ἱστορίαν
1317 2278 1516 2348 ἀκριβῆ
1555 2277 1846 2347 γεγονέναι

81 2388 124 2420 25
149 2365 601 2436 πεπιστευμένον.
673 2362 836 2429 οὗτος
861 2365 1074 2420 Δτοίνυν
1121 2366 1183 2420 ἐν
1228 2376 1346 2429 ταῖς
1393 2365 1519 2435 περὶ
1562 2371 1845 2420 Φοινίκων
1902 2368 1904 2370 ’

151 2457 416 2525 ἱστορίαις
446 2455 648 2525 γράφει
678 2456 776 2508 τὸν
803 2458 1011 2523 τρόπον
1042 2464 1255 2509 τοῦτον.
1310 2455 1494 2525 <lli-3>
1521 2453 1844 2526 εἈβιβάλου

148 2546 576 2612 τελευτήσαντος
606 2544 728 2606 υίὸς
759 2543 931 2598 αὐτοῦ
955 2546 1220 2614 Εἴρωμος
1253 2544 1625 2614 ἐβασίλευσεν.
1684 2541 1847 2606 οὗτος

147 2633 214 2685 τὰ
260 2634 400 2701 πρὸς
445 2632 716 2695 ἀνατολὰς
764 2631 901 2702 με’ρη
950 2641 1045 2701 τῆς
1094 2636 1306 2696 πόλεως
1358 2632 1698 2703 προσέχωσε,
1752 2632 1845 2686 καὶ

139 2724 336 2790 ,μεῖζον
374 2723 435 2775 τὸ
477 2723 614 2774 ἄστυ
654 2724 942 2790 πεποίηκε,
989 2719 1079 2773 καὶ
1125 2729 1226 2775 τοῦ
1264 2720 1566 2790 Ὀλυμπίου
1605 2723 1745 2783 Διὸς
1783 2724 1843 2774 τὸ

12 2860 17 2865 ,.
83 2830 127 2863 30
153 2811 304 2881 ἱερὸν
335 2808 469 2864 καθ’
490 2809 651 2863 ἑαυτὸ
686 2811 752 2863 ὂν
785 2810 844 2863 ἐν
875 2811 1047 2883 νήσῳ,
1082 2811 1261 2880 χώσας
1291 2812 1390 2863 τὸν
1422 2809 1621 2878 μεταξὺ
1654 2812 1843 2874 τόπον,

0 3022 30 3128 -εοε-ᾒνψ
6 2954 7 2957 Α
17 2938 20 2942 ,
0 2892 18 2909 τ

149 2907 362 2968 συνῆψε
401 2907 465 2969 τῇ
513 2902 669 2953 πόλει
715 2897 805 2952 καὶ
853 2909 1078 2970 χρυσοῖς
1115 2898 1473 2970 ἀναθήμασιν
1513 2898 1843 2968 ἐκόσμησεν·
