2032 3128
95 2205 152 2243 33

194 114 303 165 280
801 117 958 157 ΚΑΤΑ
990 114 1266 156 ΑΠΙΩΝοΣ
1341 82 1344 85 ’

193 249 330 309 ἀλλὰ
371 246 464 301 δύ’
496 248 530 316 ἢ
568 257 713 317 τρεῖς
758 250 900 316 ἔγνω
946 268 1027 311 τις
1072 250 1346 318 προδότας
1391 246 1723 316 γενομένους
1760 254 1871 299 τῶν

191 339 379 404 νόμων
418 335 451 405 ἢ
489 336 737 389 θάνατον
777 335 1153 405 φοβηθέντας,
1194 334 1317 406 οὐχὶ
1356 338 1452 389 τὸν
1494 335 1698 406 ῥᾷστον
1738 334 1871 387 ἐκεῖ·

190 444 292 476 νον
325 421 482 490 λέγω,
523 427 620 478 τὸν
652 428 1030 493 συμβαίνοντα
1069 434 1182 487 τοῖς
1220 423 1568 494 μαχομένοις,
1607 424 1744 476 ἀλλὰ
1776 424 1872 476 τὸν

190 513 321 580 μετὰ
362 513 536 581 λύμης
575 522 685 565 τῶν
726 513 1012 581 σωμάτων,
1052 513 1241 576 ὁποῖος
1280 509 1422 565 εἶναι
1462 514 1615 566 δοκεῖ
1650 511 1872 564 πάντων

190 602 589 668 χαλεπώτατος;
630 601 810 673 <233>
849 599 976 653 ὥστ’
1008 600 1114 669 ἐγὼ
1154 604 1355 670 νομίζω
1387 601 1540 664 τινὰς
1570 603 1870 670 κρατήσαν-
1915 623 1936 654 5

190 709 283 751 τας
328 689 483 757 ἡμῶν
524 689 624 759 οὐχ
671 690 779 743 ὑπὸ
828 693 1023 758 μίσους
1071 688 1488 759 προσφέρεσθαι
1535 689 1607 751 ὡς
1655 689 1866 757 ὑποχει-

191 780 348 845 ριόις,
389 774 508 830 ἀλλ’
537 777 610 840 ὡς
641 780 968 846 θαυμαστόν
999 798 1049 831 τι
1082 776 1264 847 θέαμα
1300 776 1675 847 βουλομένους
1714 777 1868 842 ἰδεῖν,

190 871 244 917 εἰ
281 885 425 927 τινες
463 864 604 918 εἰσὶν
644 858 934 932 ἄνθρωποι
974 867 1033 919 οἱ
1075 869 1250 935 μόνον
1288 863 1430 919 εἶναι
1477 868 1646 919 κακὸν
1686 865 1869 925 αὑτοῖς

189 956 624 1022 πεπιστευκότες,
665 956 716 1006 εἰ
752 954 957 1024 πρᾶξαί
990 974 1041 1007 τι
1080 956 1226 1024 παρὰ
1265 958 1394 1017 τοὺς
1425 953 1635 1007 ἑαυτῶν
1666 956 1869 1021 νόμους

190 1041 221 1109 ἢ
271 1044 439 1110 λόγον
486 1044 661 1095 εἰπεῖν
706 1040 834 1111 παρ’
873 1042 1118 1105 ἐκείνους
1163 1046 1612 1113 παραβιασθεῖεν.
1689 1040 1866 1108 <234>
1892 1065 1935 1096 10
2018 1110 2020 1114 Α

190 1130 257 1183 οὐ
295 1131 398 1200 χρὴ
440 1132 507 1199 δὴ
549 1131 854 1199 θαυμάζειν
893 1133 946 1184 εἰ
984 1133 1122 1201 πρὸς
1160 1132 1409 1185 θάνατον
1449 1130 1718 1200 ἀνδρείως
1752 1132 1869 1198 ἔχο-
2013 1121 2020 1145 ³

187 1237 289 1287 μεν
320 1217 457 1289 ὑπὲρ
491 1229 601 1272 τῶν
632 1221 821 1287 νόμων
853 1220 999 1286 παρὰ
1031 1222 1160 1283 τοὺς
1192 1222 1395 1282 ἄλλους
1429 1221 1686 1282 ἅπαντας.
1738 1214 1871 1271 οὐδὲ

187 1308 291 1377 γὰρ
331 1309 396 1360 τὰ
437 1308 611 1379 ῥᾷστα
651 1309 925 1361 δοκοῦντα
962 1318 1073 1361 τῶν
1113 1308 1393 1377 ἡμετέρων
1430 1306 1871 1376 ἐπιτηδευμάτων

187 1397 348 1449 ἄλλοι
388 1397 594 1468 ῥαδίως
631 1395 1029 1466 ὑπομένουσιν,
1069 1397 1405 1466 αὐτουργίαν
1445 1396 1584 1464 λέγω
1626 1393 1712 1448 καὶ
1750 1413 1874 1465 τρο-

186 1492 294 1553 φῆς
334 1487 610 1553 λιτότητα,
651 1483 742 1538 καὶ
781 1487 842 1538 τὸ
883 1482 1056 1553 μηδὲν
1096 1486 1213 1554 εἰκῇ
1254 1483 1379 1553 μηδ’
1413 1485 1485 1547 ὡς
1524 1486 1711 1554 ἔτυχεν
1752 1482 1872 1536 ἕκα-
1897 1507 1941 1539 15
2013 1515 2022 1519 ἢ

187 1587 314 1635 στος
345 1572 760 1641 ἐπιτεθυμηκὼς
791 1583 990 1642 φαγεῖν
1019 1573 1052 1641 ἢ
1083 1583 1250 1641 πιεῖν,
1282 1573 1316 1642 ἢ
1346 1576 1617 1644 συνουσίᾳ
1644 1576 1874 1642 προσελ-

186 1666 314 1714 θεῖν
354 1660 387 1728 ἢ
426 1664 775 1732 πολυτελείᾳ,
818 1659 909 1714 καὶ
947 1661 1115 1713 πάλιν
1155 1659 1350 1729 ἀργίας
1387 1661 1680 1730 ὑπομεῖναι
1718 1660 1874 1725 τάξιν

187 1748 610 1817 ἀμετακίνητον·
666 1748 848 1818 <235>
896 1748 1018 1802 ἀλλ’
1055 1750 1113 1802 οἱ
1154 1755 1269 1811 τοῖς
1313 1749 1528 1817 ξίφεσιν
1569 1750 1732 1817 ὁμόσε
1772 1769 1874 1818 χω-

186 1846 414 1906 ροῦντες
452 1836 544 1890 καὶ
583 1840 713 1900 τοὺς
747 1841 1046 1907 πολεμίους
1078 1837 1131 1901 ἐξ
1166 1837 1375 1907 ἐφόδου
1406 1840 1729 1908 τρεπόμενοι
1761 1847 1876 1901 τοῖς

184 1926 568 1996 προστάγμασι
607 1935 721 1989 τοῖς
759 1925 885 1997 περὶ
926 1927 1136 1994 διαίτης
1175 1926 1278 1979 οὐκ
1317 1925 1673 1995 ἀντέβλεψαν.
1741 1925 1875 1995 ἡμῖν
1899 1951 1943 1981 20

187 2012 248 2067 δὲ
302 2015 470 2067 πάλιν
526 2014 587 2067 ἐκ
639 2022 739 2068 τοῦ
801 2013 927 2082 περὶ
981 2023 1150 2068 ταῦτα
1203 2022 1278 2087 τῷ
1342 2017 1492 2086 νόμῳ
1553 2020 1877 2085 πειθαρχεῖν

185 2101 361 2172 ἡδέως
399 2103 556 2156 κάκεῖ
590 2107 871 2172 περίεστιν
912 2102 1332 2156 ἐπιδείκνυσθαι
1370 2105 1431 2157 τὸ
1471 2113 1746 2172 γενναῖον.

300 2191 484 2260 <236>
531 2188 646 2244 εἶτα
686 2196 999 2261 Λυσίμαχοι
1045 2191 1135 2245 καὶ
1182 2195 1455 2255 Μόλωνες
1498 2191 1589 2245 καὶ
1635 2195 1883 2246 τοιοῦτοί

187 2299 335 2343 τινες
373 2280 532 2333 ἄλλοι
566 2290 921 2350 συγγραφεῖς,
963 2280 1220 2347 ἀδόκιμοι
1261 2283 1538 2350 σοφισταί,
1578 2283 1878 2349 μειρακίων

186 2367 512 2435 ἀπατεῶνες,
546 2368 619 2430 ὡς
649 2369 796 2421 πάνυ
830 2369 969 2438 ἡμᾶς
999 2369 1382 2438 φαυλοτάτους
1412 2368 1728 2439 ἀνθρώπων
1762 2373 1875 2423 λοι·
1901 2392 1943 2423 25

186 2458 468 2526 δοροῦσιν.
545 2456 728 2525 <237>
771 2457 877 2525 ἐγὼ
918 2455 969 2510 δ’
1001 2458 1102 2511 οὐκ
1141 2457 1211 2511 ἂν
1251 2457 1562 2526 ἐβουλόμην
1599 2456 1725 2526 περὶ
1765 2467 1878 2511 τῶν

184 2543 312 2614 παρ’
355 2543 561 2614 ἑτέροις
605 2549 857 2615 νομίμων
898 2546 1179 2611 ἐξετάζειν.
1255 2547 1320 2599 τὰ
1366 2547 1471 2615 γὰρ
1519 2546 1705 2599 αὐτῶν
1743 2546 1878 2615 ἡμῖν

184 2633 485 2703 φυλάττειν
532 2635 768 2705 πάτριόν
808 2634 977 2703 ἐστιν,
1025 2635 1092 2688 οὐ
1137 2644 1248 2688 τῶν
1295 2633 1602 2704 ἀλλοτρίων
1649 2654 1877 2702 κατηγο-

186 2731 330 2791 ρεῖν·
372 2720 463 2775 καὶ
494 2726 627 2793 περί
661 2743 721 2791 γε
753 2731 852 2776 τοῦ
885 2726 1018 2792 μήτε
1049 2724 1331 2794 χλευάζειν
1363 2725 1494 2792 μήτε
1527 2725 1877 2792 βλασφημεῖν

185 2813 315 2873 τοὺς
352 2810 748 2880 νομιζομένους
785 2814 955 2874 θεοὺς
994 2809 1122 2881 παρ’
1155 2810 1359 2881 ἑτέροις
1390 2812 1650 2881 ἄντικρυς
1680 2811 1814 2880 ἡμῖν
1847 2811 1875 2864 ὁ
1902 2834 1944 2864 30

189 2899 498 2968 νομοθέτης
546 2900 868 2970 ἀπείρηκεν,
923 2901 1089 2968 αὐτῆς
1142 2899 1300 2953 ἕνεκα
1353 2903 1724 2970 προσηγορίας
1776 2908 1878 2952 τοῦ
