2032 3128
681 104 892 146 ΛΟΓΟΣ
924 103 1247 146 ΠΡΟΤΕΡΟΣ
1707 100 1814 152 195

127 237 398 305 βούλησιν
430 235 899 306 ἐσχεδιασμένους.
969 235 1061 290 καὶ
1099 245 1263 290 τοῦτο
1301 237 1525 298 δικαίως
1562 234 1654 288 καὶ
1692 233 1818 303 περὶ

127 334 238 378 τῶν
269 323 612 394 παλαιτέρων
644 333 972 394 φρονοῦσιν,
1014 324 1201 392 ἐπειδὴ
1233 323 1325 377 καὶ
1355 333 1468 377 τῶν
1498 332 1604 377 νῦν
1637 323 1818 386 ἐνίους

129 413 299 482 ὁρῶσι
353 417 667 481 τολμῶντας
720 411 846 484 περὶ
900 413 1112 466 τούτων
1163 413 1506 482 συγγράφειν
1554 405 1637 475 οἷς
1690 410 1813 480 μήτ’

129 499 285 554 αὐτοὶ
332 499 701 569 παρεγένοντο
742 504 876 570 μήτε
922 500 1206 554 πυθέσθαι
1252 503 1397 570 παρὰ
1435 510 1546 554 τῶν
1586 501 1818 553 εἰδότων

87 612 106 645 5
129 588 621 658 ἐφιλοτιμήθησαν.
690 590 834 659 <46>
870 587 1056 658 ἀμέλει
1095 587 1186 643 καὶ
1224 588 1350 658 περὶ
1383 598 1483 643 τοῦ
1515 587 1818 658 γενομένου

127 684 234 730 νῦν
273 677 406 746 ἡμῖν
445 677 691 746 πολέμου
730 674 875 740 τινες
918 678 1160 745 ἱστορίας
1198 677 1599 745 ἐπιγράψαντες
1640 675 1820 745 ἐξενη-

128 769 360 836 νόχασιν
400 764 624 828 οὕτέίς
662 769 791 828 τοὺς
829 768 1031 828 τόπους
1068 769 1479 834 παραβαλόντες
1518 765 1644 818 οὔτε
1684 769 1819 833 πλη-

130 858 256 908 σίον
286 855 500 908 τούτων
531 852 923 923 πραττομένων
954 857 1377 923 προσελθόντες,
1416 851 1534 907 ἀλλ’
1560 852 1618 906 ἐκ
1648 870 1819 923 παρα-

127 942 456 1012 κουσμάτων
497 941 656 1009 ὀλίγα
703 940 1005 1004 συνθέντες
1050 948 1125 1013 τῷ
1166 948 1261 1010 τῆς
1309 942 1552 1011 ἱστορίας
1591 942 1820 1011 ὀνόματι

62 1054 104 1086 10
130 1033 254 1084 λίαν
295 1030 536 1093 ἀναιδῶς
575 1030 1026 1101 ἐνεπαροίνησαν.

242 1119 387 1188 <47>
436 1118 542 1188 ἐγὼ
592 1116 654 1172 δὲ
707 1117 798 1172 καὶ
848 1117 974 1189 περὶ
1020 1127 1120 1173 τοῦ
1173 1118 1418 1188 πολέμου
1473 1120 1676 1181 παντὸς
1728 1117 1819 1172 καὶ

127 1206 253 1278 περὶ
295 1217 407 1261 τῶν
447 1207 507 1262 ἐν
547 1206 692 1280 αὐτῷ
740 1209 876 1261 κατὰ
924 1207 1088 1278 μέρος
1133 1207 1451 1277 γενομένων
1491 1208 1673 1276 ἀληθῆ
1720 1208 1821 1275 τὴν

129 1295 457 1366 ἀναγραφὴν
506 1294 873 1365 ἐποιησάμην,
919 1303 1034 1358 τοῖς
1079 1296 1396 1365 πράγμασιν
1443 1294 1607 1359 αὐτὸς
1652 1297 1821 1350 ἅπασι

128 1386 474 1455 παρατυχών.
538 1385 682 1453 <48>
719 1384 1090 1455 ἐστρατήγουν
1122 1381 1224 1454 μὲν
1254 1385 1358 1453 γὰρ
1391 1393 1502 1437 τῶν
1532 1382 1660 1456 παρ’
1688 1385 1821 1454 ἡμῖν

63 1496 105 1530 15
130 1476 445 1527 Γαλιλαίων
493 1472 940 1543 ὀνομαζομένων,
996 1472 1097 1536 ἕως
1148 1473 1397 1543 ἀντέχειν
1443 1475 1686 1527 δυνατὸν
1732 1469 1820 1541 ἦν,

130 1562 399 1632 ἐγενόμην
449 1559 509 1615 δὲ
554 1563 701 1633 παρὰ
741 1560 1022 1632 Ῥωμαίοις
1069 1560 1410 1631 συλληφθεὶς
1457 1562 1821 1631 αἰχμάλωτος·

129 1654 228 1704 καί
277 1671 342 1720 με
392 1652 484 1704 διὰ
539 1655 789 1720 φυλακῆς
829 1649 1210 1714 ’ὃεσπασιανὸς
1262 1649 1353 1703 καὶ
1401 1653 1560 1714 Τίτος
1607 1653 1824 1721 ἔχοντες

129 1739 214 1794 ἀεὶ
267 1741 663 1810 προσεδρεύειν
710 1737 900 1803 αὐτοῖς
951 1739 1290 1808 ἠνάγκασαν,
1343 1741 1405 1792 τὸ
1455 1736 1556 1808 μὲν
1602 1749 1823 1810 πρῶτον

130 1827 454 1898 δεδεμένον,
517 1823 684 1890 αὖθις
739 1825 801 1880 δὲ
858 1825 1051 1889 λυθεὶς
1113 1826 1514 1896 συνεπέμφθην
1567 1826 1674 1881 ἀπὸ
1729 1835 1824 1896 τῆς

12 1951 17 1953 <
63 1942 107 1974 20
126 1916 537 1988 Ἀλεξανδρείας
564 1918 707 1990 Τίτῳ
747 1917 884 1986 πρὸς
915 1917 1016 1985 τὴν
1045 1914 1447 1985 Ἱεροσολύμων
1478 1919 1822 1986 πολιορκίαν.

130 2006 275 2076 <49>
316 2005 375 2059 ἐν
416 2000 458 2078 ᾧ
506 2008 688 2079 χρόνῳ
734 2015 846 2058 τῶν
885 2003 1275 2075 πραττομένων
1315 2000 1416 2058 οὐκ
1462 2007 1612 2058 ἔστιν
1652 2004 1680 2057 ὃ
1721 2007 1823 2074 τὴν

131 2095 266 2164 ἐμὴν
307 2104 517 2162 γνῶσιν
557 2095 810 2164 διέφυγε·
857 2092 948 2147 καὶ
996 2095 1100 2164 γὰρ
1140 2095 1211 2146 τά-
1251 2093 1387 2146 κατὰ
1425 2095 1488 2146 τὸ
1528 2096 1823 2163 στρατόπε-

131 2186 234 2237 δον
280 2186 342 2237 τὸ
381 2181 662 2252 Ῥωμαίων
709 2183 856 2254 ὁρῶν
903 2182 1169 2252 ἐπιμελῶς
1215 2181 1558 2252 ἀνέγραφον,
1612 2181 1703 2236 καὶ
1756 2184 1822 2235 τὰ

129 2273 277 2342 παρὰ
311 2282 421 2326 τῶν
454 2270 778 2341 αὐτομόλων
810 2271 1265 2341 ἀπαγγελλόμενα
1296 2274 1464 2341 μόνος
1495 2269 1660 2334 αὐτὸς
1691 2286 1820 2325 συν-

63 2386 107 2419 25
133 2365 254 2415 ίειν.
319 2360 463 2430 <50>
505 2358 620 2414 εἶτα
659 2365 859 2431 σχολῆς
898 2361 957 2414 ἐν
996 2368 1061 2431 τῇ
1092 2358 1268 2430 Ῥώμῃ
1309 2362 1614 2430 λαβόμενος
1645 2361 1823 2429 πάσης

131 2471 225 2519 μοι
263 2458 358 2520 τῆς
396 2453 768 2520 πραγματείας
805 2449 865 2504 ἐν
903 2457 1221 2520 παρασκευῇ
1261 2448 1651 2519 γεγενημένης,
1693 2470 1822 2519 χρη-

132 2539 369 2608 σάμενός
421 2554 531 2592 τισι
584 2541 720 2608 πρὸς
772 2540 873 2608 τὴν
918 2537 1215 2607 Ἑλληνίδα
1269 2540 1464 2608 φωνὴν
1512 2548 1822 2608 συνεργοῖς,

132 2628 308 2692 οὕτως
339 2627 680 2697 ἐποιησάμην
703 2637 814 2681 τῶν
845 2626 1097 2698 πράξεων
1121 2628 1222 2696 τὴν
1253 2628 1580 2698 παράδοσιν.
1627 2635 1822 2681 τοσοῦ-

3 2780 6 2786 (
134 2737 229 2784 τον
262 2716 329 2770 δέ
363 2737 457 2786 μοι
495 2725 694 2787 περιῆν
724 2717 936 2785 θράσος
969 2724 1064 2785 τῆς
1103 2715 1366 2786 ἀληθείας
1398 2717 1535 2769 ὥστε
1574 2717 1825 2786 πρώτους

67 2828 110 2861 30
133 2807 356 2860 πάντων
402 2808 532 2869 τοὺς
585 2803 992 2875 αὐτοκράτορας
1040 2813 1140 2859 τοῦ
1193 2804 1438 2876 πολέμου
1491 2804 1826 2874 γενομένους
1879 2830 1891 2837 ’-

129 2893 514 2949 ’δεσπασιανὸν
544 2893 636 2948 καὶ
669 2897 831 2948 Τίτον
863 2893 1068 2963 ἠξίωσα
1108 2898 1298 2963 λαβεῖν
1331 2894 1623 2964 μάρτυρας.
1681 2895 1824 2963 <51>

1468 2981 1554 3024 13*
