2032 3128
198 83 270 135 46
635 86 761 127 ΤΟΥ
791 86 1132 129 ΙΟΤΔΑΙΚΟΥ
1161 87 1470 130 ΠΟΛΕΜΟΥ

198 237 273 289 τςο
315 227 429 280 τοῖς
466 222 749 287 πολεμίοις
787 218 1036 273 ἐκέλευσε
1081 222 1211 283 τοὺς
1250 220 1522 289 ἡγεμόνας
1561 219 1884 284 ἐκτάξαντας

198 306 299 373 τὴν
340 306 580 375 δύναμιν
619 305 955 377 ἀπαριθμεῖν
996 306 1202 380 ἑκάστω
1241 307 1555 377 τάργύριον.
1616 308 1800 377 <350>
1831 311 1888 362 οἳ

199 391 276 462 δ’,
316 395 498 464 ὥσπερ
537 396 687 463 ἔθος,
725 395 1180 460 ἀποκαλύψαντες
1217 397 1283 449 τὰ
1323 397 1464 450 ὅπλα
1501 398 1703 465 θήκαις
1734 396 1883 449 ε’σκε-

196 481 446 551 πασμένα
470 481 626 551 τέως,
664 484 1039 553 κατάφρακτοι
1063 491 1368 554 προσῇσαν,
1399 483 1491 538 καὶ
1521 487 1652 547 τοὺς
1682 486 1884 547 ἵππους
2014 550 2019 559 1

197 571 424 637 ἄγοντες
463 572 522 624 οἱ
557 572 735 634 ἱππεῖς
765 571 1222 641 κεκοσμημένους.
1283 573 1466 642 <351>
1505 572 1595 626 ἐπὶ
1623 578 1883 626 πλεῖστον
1928 595 1952 626 5

197 656 258 711 δὲ
304 660 371 711 τὰ
415 661 523 729 πρὸ
570 666 663 728 τῆς
709 663 920 723 πόλεως
966 660 1189 733 ἀργύρῳ
1238 659 1330 714 καὶ
1368 668 1554 733 χρυσῷ
1593 661 1882 731 περιελάμ-
2011 652 2015 659 “

195 765 351 816 πετο,
398 747 489 801 καὶ
534 756 629 817 τῆς
675 749 854 813 ὄψεως
900 748 1111 818 ἐκείνης
1157 747 1326 803 οὐδὲν
1373 751 1500 803 οὔτε
1537 759 1655 813 τοῖς
1694 749 1883 819 σφετέ-

197 855 315 900 ροις
353 835 801 907 ἐπιτερπέστερον
850 838 976 891 οὔτε
1017 847 1132 901 τοῖς
1179 841 1464 908 πολεμίοις
1501 837 1742 907 παρέστη
1782 857 1883 907 φο-

194 925 515 995 βερώτερον.
593 926 774 992 <352>
815 928 1168 995 κατεπλήσθη
1209 927 1314 996 γὰρ
1347 927 1687 997 ἀφορώντων
1726 929 1789 979 τό
1827 924 1874 979 τ’

196 1011 426 1081 ἀρχαῖον
464 1023 639 1084 τεῖχος
677 1015 823 1067 ἅπαν
861 1013 953 1067 καὶ
991 1024 1092 1068 τοῦ
1145 1016 1299 1085 ἱεροῦ
1336 1017 1397 1068 τὸ
1436 1019 1659 1086 βόρειον
1697 1020 1880 1084 κλῖμα,
1906 1039 1950 1070 10
2012 1017 2022 1067 ,ἶ

194 1101 291 1164 τάς
326 1099 373 1154 τ’
421 1104 597 1165 οἰκίας
635 1103 833 1171 μεστὰς
871 1099 941 1171 ἡν
980 1106 1413 1173 προκυπτόντων
1451 1104 1755 1172 ὑπεριδεῖν,
1793 1101 1884 1156 καὶ

193 1197 289 1258 τῆς
326 1193 537 1253 πόλεως
576 1188 746 1245 οὐδὲν
785 1191 814 1244 ὃ
857 1192 930 1260 μὴ
968 1193 1273 1246 κεκάλυπτο
1314 1195 1520 1261 πλήθει
1553 1194 1882 1262 διεφαίνετο.

193 1279 375 1346 <353>
427 1279 756 1349 κατάπληξις
811 1277 872 1333 δὲ
928 1282 1083 1349 δεινὴ
1147 1279 1239 1334 καὶ
1292 1291 1408 1344 τοῖς
1460 1280 1885 1350 τολμηροτάτοις

193 1366 415 1422 ἐνέπεσε
462 1371 563 1437 τήν
609 1388 666 1421 τε
716 1370 959 1437 δύναμιν
1006 1367 1095 1422 ἐπὶ
1142 1369 1306 1423 ταύτὸ
1354 1377 1536 1423 πᾶσαν
1583 1370 1754 1437 ὁρῶσι
1792 1367 1883 1422 καὶ

190 1458 252 1509 τὸ
293 1442 493 1520 κάλλος
531 1467 643 1510 τῶν
683 1457 869 1510 ὅπλων
909 1456 1001 1510 καὶ
1047 1459 1148 1526 τὴν
1195 1458 1451 1524 εὐταξίαν
1489 1467 1600 1511 τῶν
1640 1457 1882 1527 ἀνδρῶν,
1908 1480 1952 1513 15
2020 1496 2022 1500 s

189 1545 371 1614 <354>
412 1547 646 1599 δοκοῦσί
685 1543 731 1599 τ’
779 1548 849 1599 ἄν
896 1566 991 1615 μοι
1029 1549 1167 1617 πρὸς
1205 1546 1420 1616 ἐκείνην
1460 1548 1519 1600 οἱ
1562 1543 1883 1600 στασιασταὶ

190 1632 596 1703 μεταβαλέσθαι
634 1635 736 1704 τὴν
776 1636 935 1705 ὄψιν,
982 1637 1034 1689 εί
1077 1637 1150 1705 μὴ
1191 1633 1264 1689 δι’
1308 1636 1626 1706 ὑπερβολὴν
1666 1630 1745 1688 ὧν
1783 1637 1882 1688 τὸν

190 1723 368 1790 δῆμον
431 1724 671 1792 ἔδρασαν
731 1733 917 1777 κακῶν
985 1725 1322 1794 συγγνώμην
1390 1726 1538 1792 παρὰ
1599 1722 1883 1793 Ῥωμαίοις

188 1809 522 1878 ἀπήλπιζον·
597 1812 782 1882 <355>
840 1812 1207 1882 ἀποκειμένου
1263 1810 1325 1866 δὲ
1378 1822 1479 1867 τοῦ
1533 1814 1667 1882 μετὰ
1720 1812 1881 1866 κολά-

188 1912 327 1962 σεως
365 1901 417 1952 εἰ
453 1902 777 1969 παύσαιντο,
817 1904 960 1955 πολὺ
1001 1905 1226 1970 κρείττω
1274 1904 1372 1956 τὸν
1419 1901 1480 1954 ἐν
1517 1900 1737 1973 πολέμῳ
1777 1901 1882 1953 θά-
1905 1924 1950 1956 20
2015 1955 2021 1977 ‚-

186 2007 358 2040 νατον
421 1988 678 2056 ἡγοῦντο.
756 1988 848 2043 καὶ
909 1992 971 2044 τὸ
1033 1991 1212 2059 χρεὼν
1267 1988 1318 2043 δ’
1378 1989 1591 2060 ἐκράτει
1645 1991 1776 2052 τούς
1827 1986 1874 2041 τ’

186 2075 470 2140 ἀναιτίους
507 2088 622 2140 τοῖς
654 2080 853 2141 αἰτίοις
886 2078 1304 2132 συναπολέσθαι
1337 2077 1428 2132 καὶ
1463 2087 1528 2148 τῇ
1562 2079 1748 2132 στάσει
1780 2078 1881 2146 τὴν

182 2167 365 2218 πόλιν.

130 2269 155 2306 2
301 2254 485 2321 <356>
526 2254 775 2323 τέτταρσι
816 2253 916 2323 μὲν
957 2253 1061 2310 οὗν
1103 2255 1330 2326 ἡμέραις
1369 2258 1429 2310 οἱ
1453 2255 1708 2326 Ῥωμαῖοι
1746 2252 1872 2308 καθ’

185 2341 417 2395 ἕκαστον
456 2343 635 2412 τάγμα
675 2344 988 2398 διετέλεσαν
1020 2347 1116 2408 τὰς
1146 2346 1358 2415 τροφὰς
1388 2348 1763 2414 κομιζόμενοι·
1813 2351 1878 2414 τῇ
1904 2365 1947 2398 25

182 2429 398 2501 πέμπτῃ
433 2430 507 2500 δ’,
550 2433 626 2495 ὡς
657 2430 826 2486 οὐδὲν
859 2433 1074 2502 ἀπήντα
1104 2435 1252 2502 παρὰ
1282 2442 1395 2487 τῶν
1420 2432 1709 2487 Ἰουδαίων
1740 2435 1881 2503 εἰρη-

182 2522 363 2588 νικόν,
406 2521 530 2590 διχῇ
572 2522 773 2574 διελὼν
811 2522 878 2574 τὰ
915 2522 1160 2591 τάγματα
1200 2526 1359 2586 Τίτος
1388 2524 1585 2592 ἤρχετο
1625 2531 1737 2574 τῶν
1775 2541 1880 2591 χω-

182 2608 368 2677 μάτων
393 2609 530 2661 κατά
553 2628 611 2662 τε
635 2609 738 2676 τὴν
771 2607 1074 2663 Ἀντωνίαν
1105 2609 1196 2664 καὶ
1228 2613 1290 2664 τὸ
1322 2619 1422 2664 τοῦ
1449 2608 1712 2663 Ἰωάννου
1745 2630 1880 2678 μνη-

187 2707 363 2765 μεῖον,
404 2698 574 2768 ταύτῃ
606 2695 709 2767 μὲν
745 2697 847 2765 τὴν
882 2699 996 2751 ἄνω
1029 2702 1195 2752 πόλιν
1234 2682 1486 2768 αἱρήσειν
1519 2698 1779 2767 ἐπινοῶν,
1816 2699 1878 2750 τὸ

181 2783 232 2837 δ’
281 2786 432 2855 ἱερὸν
470 2787 608 2839 κατὰ
646 2788 749 2855 τὴν
781 2784 1110 2840 Ἀντωνίαν·
1189 2787 1375 2856 <357>
1415 2788 1618 2840 τούτου
1657 2787 1762 2855 γὰρ
1803 2788 1876 2854 μὴ
1900 2808 1945 2839 30

180 2873 497 2942 ληφθέντος
530 2872 662 2928 οὐδὲ
701 2876 762 2929 τὸ
803 2877 941 2929 ἄστυ
980 2875 1228 2947 κατέχειν
1268 2876 1574 2930 ἀκίνδυνον
1606 2872 1691 2944 ἡν.
1741 2876 1879 2946 πρὸς
