2032 3128
220 100 329 153 104
647 103 771 144 ΤΟΥ
801 102 1143 145 ΙΟΤΔΑΙΚΟΤ
1172 102 1479 145 ΠΟΛΕΜΟΥ

215 243 447 303 μοῦντες
485 235 563 297 εἰς
602 242 741 303 γοῦν
778 237 839 289 τὸ
879 237 1074 289 λοιπὸν
1112 234 1490 304 ἐσωφρόνουν,
1529 232 1643 286 ἀλλ’
1685 233 1757 295 ὡς
1786 234 1891 302 ἤδη

213 320 305 374 καὶ
352 328 451 375 τοῦ
497 330 638 375 ναοῦ
683 321 980 391 καιομένου
1027 325 1157 385 τοὺς
1199 324 1418 390 θυμοὺς
1468 320 1555 375 ἐπὶ
1596 320 1895 390 Ῥωμαίους

212 411 438 478 ἔθηγον.

325 496 504 565 <235>
543 496 759 566 ἐκείνην
799 495 901 566 μὲν
940 493 1044 550 οὖν
1082 497 1181 565 τὴν
1211 495 1420 566 ἡμέραν
1451 495 1542 550 καὶ
1572 499 1673 566 τὴν
1714 496 1895 550 ἐπιοῦ-

215 601 319 638 σαν
364 584 537 638 νύκτα
582 587 644 639 τὸ
689 592 800 654 πῦρ
847 585 1148 655 ἐπεκράτει·
1209 586 1344 638 κατὰ
1394 583 1558 654 μέρος
1605 585 1739 653 γάρ,
1794 584 1894 654 οὐχ
1939 606 1961 639 5

221 673 360 742 ὁμοῦ
413 673 696 727 πάντοθεν
753 679 977 743 ἴσχυσεν
1030 673 1250 740 ὑφάψαι
1302 675 1397 736 τὰς
1447 673 1620 736 στοάς.
1698 673 1893 741 <236>

213 769 281 831 τῇ
320 759 368 813 δ’
410 759 638 831 ἐπιούσῃ
681 762 841 824 Τίτος
879 759 1030 832 μέρει
1068 768 1164 829 τῆς
1201 762 1487 830 δυνάμεως
1518 762 1809 829 σβεννύειν
1838 780 1894 813 τε

213 847 305 902 καὶ
354 849 420 902 τὰ
469 850 615 919 παρὰ
665 850 760 912 τὰς
807 851 983 912 πύλας
1033 849 1314 905 ὁδοποιεῖν
1365 852 1444 912 εἰς
1493 847 1896 919 εὐμαρεστέραν

213 946 324 990 τῶν
379 937 667 1006 ταγμάτων
721 939 929 991 ἄνοδον
982 939 1244 1000 κελεύσας
1297 938 1461 1000 αὐτὸς
1510 945 1715 1006 συνῆγε
1767 940 1898 1000 τοὺς

213 1025 496 1094 ἡγεμόνας.
572 1026 753 1094 <237>
793 1025 884 1079 καὶ
924 1028 1317 1079 συνελθόντων
1355 1026 1408 1090 ἓξ
1448 1035 1558 1079 τῶν
1596 1046 1896 1096 κορυφαιο-
1921 1049 1964 1081 10

213 1113 408 1182 τάτων,
457 1117 714 1183 Τιβερίου
745 1111 790 1166 τ’
816 1111 1182 1184 Ἀλεξάνδρου
1213 1122 1312 1167 τοῦ
1343 1115 1564 1167 πάντων
1595 1124 1705 1167 τῶν
1738 1130 1898 1182 στρα-

213 1202 496 1270 τευμάτων
538 1201 896 1272 ἐπάρχοντος,
941 1201 1032 1255 καὶ
1072 1201 1282 1266 Σέξτου
1321 1205 1627 1270 Κερεαλίου
1666 1204 1728 1256 τὸ
1766 1202 1898 1272 πέμ-

213 1309 353 1344 πτον
400 1292 631 1358 ἄγοντος
675 1291 878 1359 τάγμα,
929 1290 1019 1343 καὶ
1059 1294 1308 1360 Λαρκίου
1347 1293 1595 1345 Λεπίδου
1641 1293 1703 1344 τὸ
1743 1291 1898 1344 δέκα-

212 1398 335 1447 τον,
389 1377 481 1431 καὶ
536 1382 700 1432 Τίτου
752 1381 1005 1449 Φρυγίου
1051 1381 1112 1433 τὸ
1151 1379 1662 1448 πεντεκαιδέκατον,
1716 1379 1898 1448 (238)

211 1469 349 1534 πρὸς
388 1460 471 1529 οἷς
512 1470 781 1538 Φρόντων
819 1464 889 1536 ἧν
929 1466 1242 1536 Λιτέρνιος,
1283 1468 1754 1538 στρατοπεδάρχης
1787 1478 1900 1520 τῶν
1925 1489 1966 1522 15

214 1552 304 1607 ἀπ’
342 1552 754 1623 Ἀλεξανδρείας
793 1556 894 1608 δύο
946 1556 1264 1624 ταγμάτων,
1310 1554 1401 1608 καὶ
1446 1559 1672 1625 Μᾶρκος
1703 1554 1900 1610 Ἀντώ-

212 1663 335 1706 νιος
382 1641 685 1707 Ἰουλιανὸς
731 1643 760 1697 ὁ
807 1652 902 1713 τῆς
946 1642 1216 1707 Ἰουδαίας
1262 1644 1577 1714 ἐπίτροπος,
1630 1643 1723 1698 καὶ
1769 1645 1901 1714 μετὰ

212 1733 444 1795 τούτους
483 1731 791 1802 ἐπιτρόπων
823 1730 914 1785 καὶ
945 1732 1247 1803 χιλιάρχων
1287 1730 1729 1803 ἀθροισθέντων,
1770 1736 1901 1801 βου-

213 1822 317 1889 λὴν
363 1819 488 1889 περὶ
534 1829 634 1875 τοῦ
680 1829 822 1875 ναοῦ
870 1823 1179 1890 προυτίθει.
1254 1830 1370 1884 τοῖς
1417 1819 1519 1889 μὲν
1571 1817 1674 1875 οὖν
1725 1821 1902 1875 ἐδόκει

213 1915 456 1979 χρῆσθαι
506 1918 581 1981 τςό
631 1917 732 1963 τοῦ
785 1908 1030 1979 πολέμου
1079 1912 1256 1982 νόμῳ·
1333 1910 1513 1978 <239>
1551 1911 1624 1979 μὴ
1677 1911 1782 1979 γὰρ
1833 1911 1903 1963 ἄν
1925 1932 1970 1965 20

212 2017 343 2052 ποτε
392 1997 700 2060 Ἰουδαίους
753 1998 1076 2050 παύσασθαι
1138 2000 1556 2063 νεωτερίζοντας
1607 2004 1708 2051 τοῦ
1761 2006 1903 2051 ναοῦ

214 2085 502 2155 μένοντος,
553 2084 640 2156 ἐφ’
679 2086 744 2139 ὃν
784 2087 842 2140 οὗ
875 2088 1226 2156 πανταχόθεν
1268 2084 1644 2154 συλλέγονται.
1721 2076 1903 2155 <24Ο>

212 2171 358 2237 τινὲς
397 2171 458 2226 δὲ
496 2172 805 2244 παρῄνουν,
849 2176 900 2227 εἰ
937 2171 1039 2243 μὲν
1077 2177 1431 2227 καταλίποιεν
1470 2174 1641 2228 αὐτὸν
1681 2176 1739 2228 oc
1767 2173 1903 2228 ’Iov—

215 2265 364 2317 δαῖοι
402 2261 493 2315 καὶ
544 2260 737 2331 μηδεὶς
775 2261 859 2315 ἐπ’
896 2263 1068 2316 αὐτοῦ
1106 2263 1173 2316 τὰ
1213 2263 1353 2316 ὅπλα
1391 2266 1539 2332 θείη,
1580 2263 1797 2332 σώζειν,
1854 2265 1907 2316 εἰ

214 2349 276 2405 δὲ
321 2356 618 2420 πολεμοῖεν
665 2350 978 2420 ἐπιβάντες,
1023 2349 1409 2420 καταφλέγειν·
1464 2352 1740 2421 φρούριον
1779 2352 1904 2422 γάρ,
1927 2373 1972 2406 25

212 2439 397 2495 οὐκέτι
436 2441 576 2494 ναὸν
613 2435 777 2508 εἶναι,
814 2438 906 2492 καὶ
937 2442 998 2493 τὸ
1035 2442 1231 2493 λοιπὸν
1264 2441 1492 2493 ἔσεσθαι
1523 2448 1635 2492 τῶν
1667 2438 1905 2508 ἀναγκα-

213 2530 432 2583 σάντων
472 2529 572 2598 τὴν
611 2527 895 2597 ἀσέβειαν,
936 2528 1038 2581 οὐκ
1077 2529 1275 2581 αὐτῶν.
1345 2529 1528 2597 <241>
1568 2527 1597 2581 ὁ
1639 2525 1700 2581 δὲ
1747 2530 1907 2592 Τίτος

213 2616 335 2671 οὐδ’
381 2617 450 2671 ἂν
501 2619 553 2670 εἰ
602 2616 886 2686 ἐπιβάντες
935 2615 1018 2669 ἐπ’
1070 2617 1242 2671 αὐτοῦ
1288 2621 1584 2685 πολεμοῖεν
1625 2614 1906 2686 Ἰουδαῖοι,

213 2709 317 2775 ἔφη
359 2703 483 2758 ἀντὶ
521 2715 632 2758 τῶν
672 2704 895 2775 ἀνδρῶν
936 2705 1257 2774 ἀμύνασθαι
1296 2707 1362 2758 τὰ
1401 2706 1606 2776 ἄψυχα,
1646 2702 1779 2758 οὐδὲ
1812 2725 1907 2758 κα-

211 2793 503 2863 ταφλέξειν
542 2790 674 2847 ποτὲ
713 2797 1042 2861 τηλικοῦτον
1089 2796 1281 2862 ἔργον·
1327 2792 1607 2863 Ῥωμαίων
1647 2794 1751 2864 γὰρ
1792 2796 1906 2847 ἔσε-
1930 2815 1974 2847 30

213 2889 349 2936 σθαι
389 2884 490 2951 τὴν
536 2882 782 2951 βλάβην,
838 2882 1020 2952 ὥσπερ
1068 2881 1160 2935 καὶ
1207 2884 1418 2951 κόσμον
1472 2890 1567 2951 τῆς
1613 2882 1908 2951 ἡγεμονίας
