2032 3128
69 260 123 298 27

69 1406 124 1445 28

77 2292 132 2331 29

153 84 259 162 276
757 112 916 153 ΚΑΤΑ
946 112 1224 154 ΑΠῙΩΝοΣ

268 244 449 312 <2Οὸ>
485 243 697 312 γονέων
728 246 891 313 τιμὴν
923 246 1055 313 μετὰ
1093 247 1212 313 τὴν
1232 248 1368 313 πρὸς
1405 248 1542 299 θεὸν
1575 246 1836 316 δευτέραν

157 332 322 402 ἔταξε,
366 331 455 385 καὶ
495 334 592 386 τὸν
633 333 735 387 οὐκ
773 333 1137 402 ἀμειβόμενον
1176 334 1270 396 τὰς
1307 332 1434 402 παρ’
1467 335 1648 388 αὐτῶν
1686 336 1836 405 χάρι-

155 442 249 484 τας
295 419 412 475 ἀλλ’
453 423 531 484 εἰς
577 413 768 475 ὁτιοῦν
816 420 1135 474 ἐλλείποντα
1179 426 1629 491 λευσθησόμενον
1668 442 1837 492 παρα-

159 512 367 563 δίδωσι.
429 508 521 562 καὶ
559 511 764 572 παντὸς
802 518 901 563 τοῦ
933 509 1308 579 πρεσβυτέρου
1339 512 1503 579 τιμὴν
1535 513 1680 580 ἔχειν
1711 513 1840 574 τοὺς

154 597 316 661 νέους
354 600 542 667 φησίν,
583 596 698 650 ἐπεὶ
739 599 1117 668 πρεσβύτατον
1156 597 1185 651 ὁ
1224 601 1370 661 θεός.
1447 600 1707 668 κρύπτειν
1747 599 1839 652 οὐ-
1887 619 1908 651 5

155 684 253 740 δὲν
292 686 355 757 ἐᾷ
394 687 530 754 πρὸς
578 689 798 755 φίλους·
854 685 1034 755 <207>
1074 686 1141 739 οὐ
1184 687 1287 756 γὰρ
1328 683 1469 740 εἶναι
1508 691 1701 755 φιλίαν
1739 689 1841 757 τὴν

156 776 227 843 μὴ
275 775 452 827 πάντα
499 775 880 828 πιστεύουσαν.
966 774 1071 828 κᾶν
1117 778 1297 844 συμβῇ
1345 796 1427 838 τις
1473 778 1673 846 ἔχθρα,
1717 777 1841 830 τού-

155 883 267 916 των
298 863 612 931 τάπόρρητα
652 856 833 930 λέγειν
864 864 1151 916 κεκώλυκε.
1215 864 1451 927 δικάζων
1483 865 1535 916 εί
1573 864 1723 934 δῶρά
1762 884 1843 927 τις

156 953 343 1020 λάβοι,
397 952 639 1014 θάνατος
686 951 717 1019 ἡ
778 954 950 1020 ζημία.
1035 962 1309 1021 περιορῶν
1359 950 1558 1021 ἱκέτην,
1611 955 1843 1021 βοηθεῖν

157 1040 310 1107 ε’νόν,
365 1040 727 1102 ὑπεύθυνος.’
790 1040 985 1108 <2Οὸ>
1040 1039 1068 1092 ὃ
1125 1041 1197 1109 μὴ
1252 1040 1524 1108 κατέθηκέ
1573 1061 1680 1109 τις,
1742 1042 1844 1095 οὐκ
1868 1063 1911 1094 10

160 1128 526 1196 ἀναιρήσεται.
602 1138 714 1181 τῶν
754 1127 1061 1198 ἀλλοτρίων
1102 1129 1332 1192 οὐδενὸς
1378 1130 1585 1193 ἅψεται.
1664 1131 1844 1182 δανεί-

158 1231 256 1279 σας
294 1219 458 1271 τόκον
492 1216 558 1270 οὐ
591 1219 833 1285 λήψεται.
895 1224 1065 1269 ταῦτα
1104 1215 1195 1269 καὶ
1227 1219 1404 1270 πολλὰ
1434 1219 1651 1280 τούτοις
1683 1218 1846 1286 ὅμοια

158 1306 260 1373 τὴν
298 1307 434 1372 πρὸς
473 1304 746 1373 ἀλλήλους
783 1305 939 1374 ἡμῶν
980 1303 1197 1375 συνέχει
1235 1309 1550 1359 κοινωνίαν.

270 1393 452 1461 <209>
483 1402 598 1455 πῶς
630 1390 690 1445 δὲ
722 1392 813 1445 καὶ
847 1392 971 1461 περὶ
1003 1401 1095 1462 τῆς
1133 1395 1270 1462 πρὸς
1301 1393 1847 1463 ἀλλοφύλουςέπιει-

158 1484 306 1543 κείας
353 1480 678 1549 ἐφρόντισεν
727 1483 756 1535 ὁ
797 1481 1127 1551 νομοθέτης,
1183 1482 1341 1546 ἄξιον
1382 1484 1544 1536 ι’δεϊν·
1593 1493 1848 1551 φανεῖται
1875 1504 1918 1536 15

159 1571 262 1638 γὰρ
310 1571 506 1636 ἄριστα
552 1570 776 1623 πάντων
816 1571 1267 1639 προνοησάμενος
1305 1571 1452 1633 ὅπως
1496 1574 1628 1640 μήτε
1667 1573 1731 1624 τὰ
1771 1573 1850 1624 οἰ-

159 1667 277 1710 κεῖα
325 1659 767 1727 διαφθείρωμεν,
822 1662 953 1728 μήτε
1009 1663 1384 1728 φθονήσωμεν
1437 1670 1553 1723 τοῖς
1606 1659 1851 1730 μετέχειν

160 1755 269 1798 τῶν
315 1745 595 1816 ἡμετέρων
642 1747 1117 1817 προαιρουμένοις.
1202 1748 1383 1816 <210>
1431 1750 1552 1802 ὅσοι
1599 1746 1699 1818 μὲν
1746 1749 1851 1816 γὰρ

160 1834 428 1888 θέλουσιν
467 1835 574 1889 ὑπὸ
613 1838 744 1898 τοὺς
783 1837 984 1899 αὐτοὺς
1022 1837 1155 1905 ἡμῖν
1194 1840 1403 1905 νόμους
1445 1840 1539 1906 ζῆν
1578 1837 1853 1890 ὑπελθόν-

161 1944 265 1992 τες,
306 1923 516 1992 δέχεται
556 1927 933 1994 φιλοφρόνως,
973 1925 1041 1977 οὐ
1071 1933 1147 1997 τῷ
1188 1925 1337 1993 γένει
1375 1928 1550 1994 μόνον
1585 1925 1723 1978 ἀλλὰ
1760 1925 1850 1978 καὶ
1877 1947 1920 1977 20

161 2021 225 2083 τῇ
265 2011 580 2079 προαιρέσει
619 2021 719 2066 τοῦ
759 2016 887 2081 βίου
926 2016 1165 2083 νομίζων
1204 2010 1346 2067 εἶναι
1386 2016 1488 2083 τὴν
1525 2016 1851 2083 οἰκειότητα·

162 2104 290 2162 τοὺς
338 2099 385 2153 δ’
435 2100 493 2154 ἐκ
548 2100 827 2171 παρέργου
881 2105 1215 2169 προσιόντας
1269 2103 1683 2171 ἀναμίγνυσθαι
1738 2113 1856 2165 ταῖς

165 2191 489 2258 συνηθείαις
529 2189 629 2242 οὐκ
670 2189 924 2258 ἠθέλησε.

277 2278 458 2346 <211>
498 2272 667 2330 τᾶλλα
712 2276 772 2330 δὲ
812 2283 1138 2349 προείρηκεν
1179 2275 1256 2333 ὧν
1297 2280 1446 2333 ἐστιν
1488 2281 1517 2349 ἡ
1567 2282 1858 2349 μετάδοσις

166 2366 462 2434 ἀναγκαία’
532 2374 666 2419 πᾶσι
720 2366 978 2438 παρέχειν
1033 2379 1147 2432 τοῖς
1202 2368 1486 2438 δεομένοις
1537 2376 1648 2437 πῦρ
1701 2369 1855 2437 ὕδωρ
1882 2389 1924 2420 25

166 2457 398 2525 τροφήν,
437 2456 605 2518 ὁδοὺς
645 2456 891 2525 φράζειν,
933 2458 1149 2525 ἄταφον
1190 2460 1261 2527 μὴ
1301 2465 1579 2528 περιορᾶν.
1652 2456 1857 2525 ἐπιεικῆ

169 2540 231 2597 δὲ
292 2543 382 2597 καὶ
445 2545 511 2597 τὰ
573 2546 711 2613 πρὸς
773 2548 903 2608 τοὺς
970 2549 1267 2616 πολεμίους
1334 2545 1631 2615 κριθέντας
1691 2543 1858 2598 εἶναι·

168 2632 350 2700 <212>
391 2629 523 2685 οὐδὲ
570 2633 675 2700 γὰρ
724 2632 787 2704 ἐᾷ
832 2634 933 2701 τὴν
979 2641 1085 2703 γῆν
1132 2635 1313 2688 αὐτῶν
1352 2639 1682 2703 πυρπολεῖν,
1729 2631 1861 2687 οὐδὲ

168 2723 392 2774 κόπτειν
438 2721 611 2791 ἥμερα
660 2719 866 2790 δένδρα
922 2725 1358 2794 συγκεχώρηκεν,
1412 2724 1550 2776 ἀλλὰ
1596 2721 1686 2775 καὶ
1733 2737 1862 2775 σκυ-

170 2810 352 2862 λεύειν
392 2808 648 2878 ἀπείρηκε
696 2812 825 2872 τοὺς
873 2809 932 2863 ἐν
979 2818 1043 2880 τῇ
1092 2811 1235 2881 μάχῃ
1285 2813 1575 2880 πεσόντας,
1623 2809 1715 2865 καὶ
1752 2821 1863 2864 τῶν
1887 2830 1930 2862 so

172 2899 532 2967 αἰχμαλώτων
574 2900 925 2967 προυνόησεν
965 2898 1112 2962 ὅπως
1158 2899 1342 2952 αὐτῶν
1380 2899 1540 2969 ὕβρις
1579 2899 1715 2968 ἀπῇ,
1764 2901 1863 2968 μά-
