2032 3128
235 85 301 137 78
659 88 784 129 TOT
815 87 1155 129 ΙΟΤΔΑΙΚΟΤ
1186 87 1495 128 ΠΟΛΕΜΟΥ

231 239 348 272 νων
394 226 898 288 καταφρονοῦντες,
954 220 1099 288 ὅμως
1154 219 1397 273 ἐκώλυον
1450 222 1579 282 τοὺς
1621 218 1915 288 Ῥωμαίους

230 307 545 377 προσάγειν.
620 307 763 376 <25>
813 310 871 360 οἳ
913 304 975 360 δὲ
1019 308 1121 375 τὴν
1173 308 1424 375 σπουδὴν
1473 316 1583 360 τῶν
1627 307 1912 362 Ἰουδαίων

228 404 329 448 τοῦ
376 396 448 463 μὴ
495 400 769 464 πληγῆναι
816 397 918 464 τὴν
957 394 1259 448 Ἀντωνίαν
1305 396 1786 464 ὑπολαμβάνοντες
1831 399 1912 464 γί-

228 488 465 550 γνεσθαι
505 480 579 536 δι’
626 482 925 536 ἀσθένειαν
964 491 1063 537 τοῦ
1094 487 1324 553 τείχους,
1363 482 1453 537 καὶ
1487 487 1734 553 σαθροὺς
1765 484 1911 538 ἐλπί-

229 585 420 634 σαντες
457 568 599 625 εἶναι
630 573 758 634 τοὺς
789 575 1099 641 θεμελίους,
1140 570 1613 642 ἀντεφιλονίκουν.
1665 572 1811 642 <26>
1843 572 1910 626 οὐ
1955 592 1979 625 5

226 661 336 728 μὴν
367 660 611 729 ὑπήκουε
643 661 704 712 τὸ
736 662 1098 728 τυπτόμενον,
1130 657 1251 713 ἀλλ’
1288 662 1346 713 οἳ
1380 657 1482 728 μὲν
1513 669 1752 729 συνεχῶς
1783 663 1908 729 βαλ-

225 750 451 816 λόμενοι
497 746 587 800 καὶ
633 749 771 816 πρὸς
817 746 1027 816 μηδένα
1073 756 1183 800 τῶν
1229 749 1588 817 καθύπερθεν
1626 748 1909 800 κινδύνων

226 835 540 897 ἐνδιδόντες
579 834 840 906 ἐνεργοὺς
877 845 1141 906 παρεῖχον
1180 836 1275 898 τὰς
1314 834 1608 899 ἑλεπόλεις·
1660 835 1806 904 <27>
1838 835 1911 898 ὡς

225 923 272 977 δ’
313 920 455 993 ἦσαν
496 923 755 987 ἐλάττους
784 922 872 976 καὶ
905 925 1341 994 περιεθραύοντο
1372 931 1491 987 ταῖς
1522 922 1761 992 πέτραις,
1801 923 1909 976 ἕτε-

223 1032 312 1082 ροι
366 1014 496 1074 τοὺς
548 1015 792 1081 θυρεοὺς
845 1012 1232 1082 ὀροφώσαντες
1283 1009 1423 1082 ὑπὲρ
1478 1021 1590 1065 τῶν
1640 1011 1908 1081 σωμάτων
1933 1035 1977 1068 ιο

220 1099 374 1170 χερσὶ
414 1099 505 1154 καὶ
544 1105 768 1169 μοχλοῖς
799 1100 1125 1170 ὑπώρυττον
1156 1103 1286 1163 τοὺς
1315 1103 1631 1170 θεμελίους,
1667 1099 1759 1153 καὶ
1796 1098 1909 1153 τέτ-

219 1190 386 1258 ταράς
431 1209 492 1258 γε
543 1193 743 1253 λίθους
784 1193 1360 1260 προσκαρτερήσαντες
1399 1189 1689 1254 ἐξέσεισαν.
1765 1190 1909 1257 <28>

221 1277 495 1332 ἀνέπαυσε
535 1275 596 1331 δὲ
634 1277 734 1342 νὺξ
777 1277 1089 1348 ἑκατέρους,
1135 1277 1240 1332 κάν
1277 1279 1447 1349 ταύτῃ
1486 1279 1548 1331 τὸ
1587 1286 1764 1348 τεῖχος
1801 1277 1908 1331 ὑπὸ

219 1375 330 1419 τῶν
377 1376 550 1436 κριῶν
596 1366 1028 1436 σεσαλευμένον,
1073 1365 1205 1420 καθ’
1249 1367 1278 1420 ὃ
1317 1376 1432 1430 τοῖς
1470 1365 1757 1437 προτέροις
1797 1365 1908 1420 ἐπι-

218 1456 505 1523 βουλεύων
535 1457 784 1525 χώμασιν
817 1456 845 1510 ὁ
874 1451 1135 1525 Ἰωάννης
1166 1455 1474 1524 ὑπώρυξεν,
1516 1455 1784 1524 ἐνδούσης
1814 1462 1908 1524 τῆς
1931 1476 1974 1510 15

219 1544 490 1614 διώρυχος
529 1544 784 1613 ἐξαπίνης
822 1547 1209 1612 κατερείπεται.

157 1644 185 1683 4
331 1632 476 1701 <29>
516 1634 717 1687 τούτου
758 1634 1071 1703 συμβάντος
1107 1632 1431 1703 παραδόξως
1477 1630 1752 1702 ἑκατέροις
1791 1633 1908 1699 διη-

215 1719 392 1790 γέρθη
439 1722 505 1774 τὰ
545 1724 889 1791 φρονήματα.
965 1723 1111 1791 <30>
1152 1720 1460 1784 Ἰουδαίους
1505 1718 1606 1790 μὲν
1645 1721 1768 1790 γάρ,
1810 1719 1908 1783 οὓς

217 1809 460 1879 ἀθυμεῖν
500 1812 646 1874 εἰκὸς
683 1807 753 1880 ἦν
793 1818 867 1882 τῷ
907 1808 1037 1880 παρ’
1077 1810 1273 1864 ἐλπίδα
1311 1809 1575 1879 γενέσθαι
1614 1811 1675 1863 τὸ
1714 1818 1907 1878 πτῶμα

212 1898 304 1952 καὶ
344 1900 417 1968 μὴ
457 1903 913 1970 προησφαλίσθαι
950 1901 1088 1968 πρὸς
1127 1899 1281 1967 αὐτό,
1319 1905 1555 1969 θαρρεῖν
1595 1899 1670 1961 ὡς
1709 1898 1905 1967 μενού-
1931 1920 1974 1952 20

214 2002 313 2057 σης
345 1988 638 2056 συνέβαινε
662 1995 756 2057 τῆς
781 1985 1100 2051 Ἀντωνίας·
1140 1989 1286 2057 <31>
1310 1986 1589 2057 Ῥωμαίων
1619 1985 1685 2040 δέ
1711 2006 1773 2055 γε
1806 1988 1906 2056 τὴν

211 2074 339 2147 παρ’
387 2076 584 2130 ἐλπίδα
629 2078 807 2146 χαρὰν
847 2075 935 2130 ἐπὶ
984 2083 1059 2149 τῷ
1100 2074 1539 2146 καταρριφθέντι
1577 2073 1782 2145 ταχέως
1820 2077 1906 2128 ἔσ-

211 2169 374 2235 βεσεν
416 2167 541 2230 ὄψις
580 2164 771 2236 ἑτέρου
802 2169 1035 2236 τείχους,
1076 2167 1222 2235 <32>
1256 2166 1388 2235 ὅπερ
1423 2166 1661 2218 ἔνδοθεν
1695 2165 1753 2218 οἱ
1779 2161 1906 2234 περὶ

208 2256 305 2307 τὸν
347 2251 612 2322 Ἰωάννην
660 2254 1205 2327 ἀντῳκοδομήκεσαν.
1267 2251 1637 2323 εὐμαρεστέρα
1685 2271 1746 2319 γε
1796 2252 1905 2320 μὴν

207 2350 302 2411 τῆς
332 2345 605 2413 πρότερον
636 2342 667 2411 ἡ
701 2344 983 2413 προσβολὴ
1015 2344 1398 2412 κατεφαίνετο·
1446 2344 1509 2395 τό
1541 2360 1597 2393 τε
1630 2341 1735 2410 γὰρ
1769 2339 1901 2393 ἀνα-
1925 2362 1968 2396 25

204 2433 371 2500 βῆναι
424 2431 518 2484 διὰ
556 2441 666 2484 τῶν
713 2430 1210 2501 καταρριφθέντων
1258 2431 1398 2502 ρ”ᾄον
1447 2429 1651 2498 ἐδόκει,
1697 2427 1790 2482 καὶ
1837 2431 1899 2483 τὸ

205 2529 382 2589 τεῖχος
427 2519 831 2589 ἀσθενέστερόν
869 2539 926 2572 τε
973 2524 1160 2591 πολλῷ
1200 2528 1296 2588 τῆς
1331 2518 1631 2581 Ἀντωνίας
1668 2516 1759 2571 καὶ
1809 2537 1901 2570 τα-

202 2606 340 2678 χέως
388 2615 464 2680 τῷ
515 2610 856 2678 πρόσκαιρον
905 2604 1050 2661 εἶναι
1101 2609 1294 2663 λύσειν
1345 2607 1751 2676 ὑπελάμβανον.
1830 2605 1899 2659 οὐ

201 2698 311 2765 μὴν
351 2696 551 2766 ἐτόλμα
589 2717 671 2760 τις
709 2696 1004 2766 ἀναβῆναι·
1055 2706 1335 2768 προῦπτος
1366 2697 1472 2767 γὰρ
1512 2705 1629 2758 τοῖς
1667 2692 1901 2764 ἀρξαμέ-

202 2805 321 2848 νοις
359 2781 429 2854 ἧν
469 2785 724 2839 ἀπώλεια.
1926 2805 1970 2837 30

138 2885 164 2925 5
310 2875 455 2943 (33)
502 2877 742 2943 νομίζων
789 2872 839 2927 δ’
879 2874 908 2928 ὁ
965 2878 1123 2938 Τίτος
1170 2874 1486 2946 ἐγείρεσθαι
1525 2874 1764 2943 μάλιστα
1803 2872 1899 2934 τὰς
