2032 3128
172 91 282 143 264
776 94 935 134 ΚΑΤΑ
965 93 1242 135 ΑΠΙῼΝΟΣ

174 227 434 294 ἅπαντας,
470 223 672 279 Ἀπίων
713 224 775 278 δὲ
812 235 927 288 τοῖς
964 227 1207 279 θύουσιν
1247 225 1492 294 ἐγκαλῶν
1531 225 1701 278 αὑτὸν
1741 225 1854 293 ἐξή-

174 315 362 381 λεγξεν
409 315 540 366 ὄντα
586 316 647 367 τὸ
696 313 855 382 γένος
893 315 1224 381 Αἰγύπτιον·
1279 314 1346 367 οὐ
1392 315 1496 382 γὰρ
1544 313 1613 367 ἂν
1651 307 1884 381 ‘'EM-‘qv'

175 402 252 454 ὢν
283 401 317 470 ἢ
345 403 624 455 Μακεδὼν
655 401 1025 471 ἐχαλέπαινεν.
1087 398 1243 456 οὗτοι
1275 403 1379 471 γὰρ
1411 403 1664 472 εὔχονται
1694 403 1856 455 θύειν

174 488 477 558 ἑκατόμβας
513 499 629 554 τοῖς
667 495 849 558 θεοῖς,
892 489 985 543 καὶ
1030 500 1269 560 χρῶνται
1307 500 1422 553 τοῖς
1462 492 1678 559 ἱερείοις
1722 492 1857 560 πρὸς

174 577 437 648 εὐωχίαν,
490 577 582 631 καὶ
636 579 703 632 οὐ
758 579 850 631 διὰ
903 586 1065 632 τοῦτο
1117 578 1461 648 συμβέβηκεν
1515 578 1857 650 ἐρημοῦσθαι
1903 599 1927 631 5

174 667 268 719 τὸν
325 669 534 736 κόσμον
587 675 698 720 τῶν
752 667 1142 736 βοσκημάτων,
1200 666 1333 736 ὅπερ
1383 666 1583 720 Ἀπίων
1634 668 1858 720 ἔδεισεν.

176 754 363 824 <139>
409 757 461 808 εἰ
503 754 692 824 μέντοι
738 766 854 819 τοῖς
899 758 1223 824 Αἰγυπτίων
1269 757 1458 808 ἔθεσιν
1505 755 1861 824 ἠκολούθουν

176 844 434 912 ἅπαντες,
488 844 743 913 ἠρήμωτο
791 841 891 913 μὲν
938 843 1007 897 ἂν
1055 844 1083 897 ὁ
1130 846 1334 914 κόσμος
1378 853 1489 897 τῶν
1530 843 1862 913 ἀνθρώπων,

175 941 285 984 τῶν
317 932 671 1002 ἀγριωτάτων
705 930 766 985 δὲ
797 936 1017 1002 θηρίων
1049 932 1400 1002 ἐπληθύνθη,
1438 932 1471 985 ἃ
1507 934 1677 995 θεοὺς
1708 928 1862 985 οὗτοι

175 1023 490 1089 νομίζοντες
536 1020 801 1089 ἐπιμελῶς
847 1019 1192 1089 ἐκτρέφουσι.
1276 1020 1473 1089 <140>
1520 1018 1611 1073 καὶ
1658 1021 1767 1089 μὴν
1816 1024 1871 1072 εἴ
1889 1043 1934 1074 10

175 1128 257 1170 τις
304 1109 474 1162 αὐτὸν
520 1110 707 1179 ἤρετο,
753 1117 864 1162 τῶν
903 1109 1125 1162 πάντων
1164 1111 1489 1177 Αἰγυπτίων
1527 1112 1680 1172 τίνας
1722 1104 1864 1160 εἶναι

175 1195 266 1250 καὶ
326 1197 680 1267 σοφωτάτους
739 1195 830 1250 καὶ
884 1201 1168 1267 θεοσεβεῖς
1228 1200 1462 1266 νομίζει,
1522 1198 1738 1259 πάντως
1796 1195 1865 1248 ἂν

179 1286 499 1355 ὡμολόγησε
538 1288 667 1348 τοὺς
707 1287 892 1355 ἱερεῖς·
943 1286 1126 1355 <141>
1165 1287 1268 1340 δύο
1307 1287 1411 1355 γὰρ
1452 1286 1653 1349 αὐτούς
1693 1299 1866 1354 φασιν

178 1375 285 1428 ὑπὸ
324 1384 436 1428 τῶν
474 1373 748 1443 βασιλέων
789 1373 842 1438 ἐξ
883 1373 1051 1444 ἀρχῆς
1088 1382 1259 1427 ταῦτα
1297 1373 1725 1444 προστετάχθαι,
1766 1374 1868 1441 τήν

178 1483 235 1516 τε
267 1472 378 1516 τῶν
409 1469 561 1516 θεῶν
593 1466 897 1533 θεραπείαν
929 1461 1018 1516 καὶ
1050 1471 1145 1530 τῆς
1177 1464 1376 1532 σοφίας
1405 1462 1507 1530 τὴν
1540 1460 1867 1530 ἐπιμέλειαν.
1896 1484 1937 1517 15

168 1539 380 1605 ἐκεῖνοι
410 1555 605 1605 τοίνυν
637 1552 872 1614 ἅπαντες
909 1549 998 1604 καὶ
1031 1549 1449 1620 περιτέμνονται
1485 1552 1574 1603 καὶ
1613 1552 1869 1621 χοιρείων

178 1639 472 1711 ἀπέχονται
509 1640 832 1710 βρωμάτων.
903 1639 971 1693 οὐ
1009 1641 1120 1709 μὴν
1159 1637 1290 1694 οὐδὲ
1329 1649 1441 1693 τῶν
1479 1641 1664 1692 ἄλλων
1697 1639 1869 1706 Αἰγυ-

178 1733 351 1782 πτίων
398 1726 530 1783 οὐδὲ
579 1722 655 1791 εἷς
694 1725 763 1782 ὗν
805 1730 934 1782 θύει
981 1738 1096 1792 τοῖς
1139 1734 1309 1792 θεοῖς.
1392 1728 1588 1797 <142>
1636 1722 1723 1797 ἀρ’
1768 1721 1870 1780 οὖν

178 1820 383 1887 τυφλὸς
437 1814 506 1887 ἦν
559 1820 656 1871 τὸν
711 1826 852 1871 νοῦν
899 1815 1104 1870 Ἀπίων
1158 1815 1296 1887 ὑπὲρ
1353 1819 1676 1886 Αἰγυπτίων
1730 1815 1872 1884 ἡμᾶς

179 1908 459 1975 λοιδορεῖν
508 1905 875 1976 συνθέμενος,
930 1905 1157 1959 ἐκείνων
1200 1903 1261 1959 δὲ
1306 1914 1655 1975 κατηγορῶν,
1710 1905 1768 1956 οἵ
1809 1922 1870 1971 γε
1896 1930 1940 1961 20

180 1996 253 2063 μὴ
309 1998 485 2063 μόνον
538 2005 780 2066 χρῶνται
833 2004 948 2058 τοῖς
1000 1995 1107 2048 ὑπὸ
1162 1995 1364 2048 τούτου
1419 1991 1873 2063 λοιδορουμένοις

181 2085 390 2151 ἔθεσιν,
431 2082 569 2136 ἀλλὰ
608 2082 700 2136 καὶ
731 2085 862 2145 τοὺς
896 2083 1099 2145 ἄλλους
1130 2081 1388 2146 ἐδίδαξαν
1428 2079 1873 2151 περιτέμνεσθαι,

182 2171 432 2240 καθάπερ
480 2177 700 2239 εἴρηκεν
738 2169 1064 2240 “Ηρόδοτος;
1121 2171 1303 2240 <143>
1344 2171 1482 2223 ὅθεν
1521 2171 1742 2232 εἰκότως
1780 2190 1875 2238 μοι

184 2261 341 2313 δοκεῖ
374 2266 470 2328 τῆς
507 2261 584 2321 εἰς
619 2261 748 2321 τοὺς
779 2262 1045 2328 πατρίους
1077 2259 1248 2313 αὐτοῦ
1281 2261 1487 2328 νόμους
1525 2261 1876 2328 βλασφημίας

185 2350 382 2402 δοῦναι
424 2349 584 2416 δίκην
624 2345 828 2400 Ἀπίων
869 2349 970 2416 τὴν
1007 2346 1350 2418 πρέπουσαν·
1389 2349 1728 2416 περιετμήθη
1771 2348 1874 2417 γὰρ
1901 2371 1946 2404 25

185 2436 239 2501 ἐξ
272 2435 533 2505 ἀνάγκης,
569 2433 847 2498 ελκώσεως
879 2436 1024 2508 αὐτῷ
1056 2435 1182 2508 περὶ
1213 2439 1274 2490 τὸ
1307 2438 1525 2489 αἰδοῖον
1558 2434 1878 2504 γενομένης,

183 2524 276 2578 καὶ
302 2522 475 2594 μηδὲν
501 2522 812 2594 ὠφεληθεὶς
835 2525 944 2577 ὑπὸ
968 2532 1064 2594 τῆς
1085 2533 1383 2596 περιτομης
1407 2524 1545 2578 ἀλλὰ
1570 2526 1879 2593 σηπόμενος

186 2625 246 2667 εν
280 2615 487 2676 δειναῖς
523 2613 753 2676 ὀδύναις
783 2611 1080 2666 ἀπέθανεν.
1159 2614 1338 2681 <144>
1381 2615 1469 2666 δεῖ
1504 2613 1608 2683 γὰρ
1648 2615 1877 2676 τοὺςευ

139 2692 147 2699 ’
184 2710 535 2773 φρονοῦντας
556 2711 672 2764 τοῖς
697 2698 798 2770 μὲν
831 2703 1053 2765 οἰκείοις
1084 2705 1276 2771 νόμοις
1306 2700 1432 2772 περὶ
1463 2703 1562 2771 τὴν
1593 2700 1878 2771 εὐσέβειαν

186 2790 426 2861 ἀκριβῶς
457 2789 731 2860 ἐμμένειν,
769 2792 899 2853 τοὺς
936 2788 996 2844 δὲ
1027 2800 1137 2844 τῶν
1169 2793 1354 2844 ἄλλων
1393 2792 1466 2860 μὴ
1500 2792 1793 2859 λοιδορεῖν.
1849 2789 1878 2843 ὃ
1902 2813 1948 2844 30

188 2877 250 2932 δὲ
287 2881 518 2942 τούτους
556 2876 656 2948 μὲν
698 2881 886 2948 ἔφυγε,
926 2889 1036 2932 τῶν
1074 2877 1353 2950 ἡμετέρων
1395 2875 1455 2931 δὲ
1494 2880 1880 2943 κατεψεύσατο.
