<?xml version="1.0" encoding="UTF-8"?>
<!DOCTYPE html PUBLIC "-//W3C//DTD XHTML 1.0 Transitional//EN"
    "http://www.w3.org/TR/xhtml1/DTD/xhtml1-transitional.dtd">
<html xmlns="http://www.w3.org/1999/xhtml" xml:lang="en" lang="en">
 <head>
  <title>
</title>
<meta http-equiv="Content-Type" content="text/html;charset=utf-8" />
  <meta name='ocr-system' content='tesseract 3.04.00' />
  <meta name='ocr-capabilities' content='ocr_page ocr_carea ocr_par ocr_line ocrx_word'/>
</head>
<body>
  <div class='ocr_page' id='page_1' title='image "./flaviiiosephiope06joseuoft_0335.png"; bbox 0 0 2032 3128; ppageno 0'>
   <div class='ocr_carea' id='block_1_1' title="bbox 713 125 1827 177">
    <p class='ocr_par' dir='ltr' id='par_1_1' title="bbox 713 125 1827 177">
     <span class='ocr_line' id='line_1_1' title="bbox 713 125 1827 177; baseline 0.006 -7"><span class='ocrx_word' id='word_1_1' title='bbox 713 129 922 171; x_wconf 73' lang='grc' dir='ltr'><strong>ΛΟΓΟΣ</strong></span> <span class='ocrx_word' id='word_1_2' title='bbox 952 129 1271 172; x_wconf 66' lang='grc' dir='ltr'><strong>ΔΕΥΤΕΡΟΣ</strong></span> <span class='ocrx_word' id='word_1_3' title='bbox 1719 125 1827 177; x_wconf 80' lang='lat'><em>279</em></span> 
     </span>
    </p>
   </div>
   <div class='ocr_carea' id='block_1_2' title="bbox 12 259 1935 2983">
    <p class='ocr_par' dir='ltr' id='par_1_2' title="bbox 12 259 1935 2983">
     <span class='ocr_line' id='line_1_2' title="bbox 157 259 1832 330; baseline -0.001 -16"><span class='ocrx_word' id='word_1_4' title='bbox 157 259 217 315; x_wconf 76' lang='grc' dir='ltr'><em>δὲ</em></span> <span class='ocrx_word' id='word_1_5' title='bbox 262 271 371 314; x_wconf 85' lang='grc' dir='ltr'><em>τῶν</em></span> <span class='ocrx_word' id='word_1_6' title='bbox 411 267 734 330; x_wconf 80' lang='grc' dir='ltr'><strong><em>νομοθετῶν</em></strong></span> <span class='ocrx_word' id='word_1_7' title='bbox 772 266 1104 330; x_wconf 88' lang='grc' dir='ltr'><em>Λυκοῦργον</em></span> <span class='ocrx_word' id='word_1_8' title='bbox 1146 262 1548 330; x_wconf 87' lang='grc' dir='ltr'><em>τεθαυμάκασι,</em></span> <span class='ocrx_word' id='word_1_9' title='bbox 1595 259 1685 313; x_wconf 88' lang='grc' dir='ltr'><em>καὶ</em></span> <span class='ocrx_word' id='word_1_10' title='bbox 1731 261 1832 328; x_wconf 86' lang='grc' dir='ltr'><em>τὴν</em></span> 
     </span>
     <span class='ocr_line' id='line_1_3' title="bbox 156 349 1834 418; baseline -0.001 -16"><span class='ocrx_word' id='word_1_11' title='bbox 156 350 418 418; x_wconf 77' lang='grc' dir='ltr'><em>Σπάρτην</em></span> <span class='ocrx_word' id='word_1_12' title='bbox 465 350 699 411; x_wconf 79' lang='grc' dir='ltr'><em>ἅπαντες</em></span> <span class='ocrx_word' id='word_1_13' title='bbox 751 350 1024 418; x_wconf 83' lang='grc' dir='ltr'><em>ὑμνοῦσιν</em></span> <span class='ocrx_word' id='word_1_14' title='bbox 1072 350 1155 403; x_wconf 83' lang='grc' dir='ltr'><em>ὅτι</em></span> <span class='ocrx_word' id='word_1_15' title='bbox 1209 359 1322 412; x_wconf 90' lang='grc' dir='ltr'><em>τοῖς</em></span> <span class='ocrx_word' id='word_1_16' title='bbox 1376 349 1590 403; x_wconf 86' lang='grc' dir='ltr'><em>ἐκείνου</em></span> <span class='ocrx_word' id='word_1_17' title='bbox 1642 351 1834 417; x_wconf 89' lang='grc' dir='ltr'><em>νόμοις</em></span> 
     </span>
     <span class='ocr_line' id='line_1_4' title="bbox 157 434 1834 506; baseline -0.002 -15"><span class='ocrx_word' id='word_1_18' title='bbox 157 437 243 491; x_wconf 91' lang='grc' dir='ltr'><em>ἐπὶ</em></span> <span class='ocrx_word' id='word_1_19' title='bbox 281 442 538 490; x_wconf 88' lang='grc' dir='ltr'><em>πλεῖστον</em></span> <span class='ocrx_word' id='word_1_20' title='bbox 572 437 1008 506; x_wconf 76' lang='grc' dir='ltr'><em>ἐνεκαρτέρησεν.</em></span> <span class='ocrx_word' id='word_1_21' title='bbox 1079 439 1260 506; x_wconf 80' lang='grc'>&lt;226&gt;</span> <span class='ocrx_word' id='word_1_22' title='bbox 1300 438 1506 492; x_wconf 85' lang='grc' dir='ltr'><em>οὐκοῦν</em></span> <span class='ocrx_word' id='word_1_23' title='bbox 1537 445 1699 490; x_wconf 86' lang='grc' dir='ltr'><em>τοῦτο</em></span> <span class='ocrx_word' id='word_1_24' title='bbox 1733 434 1834 504; x_wconf 77' lang='grc' dir='ltr'><em>μὲν</em></span> 
     </span>
     <span class='ocr_line' id='line_1_5' title="bbox 157 522 1834 595; baseline -0.002 -15"><span class='ocrx_word' id='word_1_25' title='bbox 157 527 564 595; x_wconf 78' lang='grc' dir='ltr'><em>ὡμολογήσθω,</em></span> <span class='ocrx_word' id='word_1_26' title='bbox 625 528 919 595; x_wconf 83' lang='grc' dir='ltr'><em>τεκμήριον</em></span> <span class='ocrx_word' id='word_1_27' title='bbox 974 525 1167 595; x_wconf 86' lang='grc' dir='ltr'><em>ἀρετῆς</em></span> <span class='ocrx_word' id='word_1_28' title='bbox 1220 522 1363 579; x_wconf 83' lang='grc' dir='ltr'><em>εἶναι</em></span> <span class='ocrx_word' id='word_1_29' title='bbox 1416 528 1478 579; x_wconf 89' lang='grc' dir='ltr'><em>τὸ</em></span> <span class='ocrx_word' id='word_1_30' title='bbox 1536 529 1834 578; x_wconf 88' lang='grc' dir='ltr'><em>πείθεσθαι</em></span> 
     </span>
     <span class='ocr_line' id='line_1_6' title="bbox 113 611 1835 683; baseline -0.001 -16"><span class='ocrx_word' id='word_1_31' title='bbox 113 625 268 678; x_wconf 80' lang='grc' dir='ltr'><em>5τοῖς</em></span> <span class='ocrx_word' id='word_1_32' title='bbox 322 617 533 682; x_wconf 87' lang='grc' dir='ltr'><em>νόμοις·</em></span> <span class='ocrx_word' id='word_1_33' title='bbox 592 614 649 667; x_wconf 75' lang='lat'><em>015</em></span> <span class='ocrx_word' id='word_1_34' title='bbox 692 611 753 666; x_wconf 77' lang='grc' dir='ltr'><em>δὲ</em></span> <span class='ocrx_word' id='word_1_35' title='bbox 800 615 1275 683; x_wconf 88' lang='grc' dir='ltr'><em>Λακεδαιμονίους</em></span> <span class='ocrx_word' id='word_1_36' title='bbox 1318 615 1693 683; x_wconf 85' lang='grc' dir='ltr'><em>θαυμάζοντες</em></span> <span class='ocrx_word' id='word_1_37' title='bbox 1736 615 1835 666; x_wconf 92' lang='grc' dir='ltr'><em>τὸν</em></span> 
     </span>
     <span class='ocr_line' id='line_1_7' title="bbox 159 701 1834 773; baseline -0.001 -18"><span class='ocrx_word' id='word_1_38' title='bbox 159 703 380 756; x_wconf 78' lang='grc' dir='ltr'><em>ἐκείνων</em></span> <span class='ocrx_word' id='word_1_39' title='bbox 425 706 628 773; x_wconf 89' lang='grc' dir='ltr'><em>χρόνον</em></span> <span class='ocrx_word' id='word_1_40' title='bbox 676 703 1297 772; x_wconf 84' lang='grc' dir='ltr'><em>ἀντιπαραβαλλέτωσαν</em></span> <span class='ocrx_word' id='word_1_41' title='bbox 1343 713 1457 766; x_wconf 87' lang='grc' dir='ltr'><em>τοῖς</em></span> <span class='ocrx_word' id='word_1_42' title='bbox 1506 706 1755 757; x_wconf 85' lang='grc' dir='ltr'><em>πλείοσιν</em></span> <span class='ocrx_word' id='word_1_43' title='bbox 1801 701 1834 769; x_wconf 81' lang='grc' dir='ltr'>ἢ</span> 
     </span>
     <span class='ocr_line' id='line_1_8' title="bbox 159 788 1836 861; baseline -0.001 -18"><span class='ocrx_word' id='word_1_44' title='bbox 159 792 443 861; x_wconf 80' lang='grc' dir='ltr'><em>δισχιλίοις</em></span> <span class='ocrx_word' id='word_1_45' title='bbox 498 794 639 845; x_wconf 82' lang='grc' dir='ltr'><em>ἔτεσι</em></span> <span class='ocrx_word' id='word_1_46' title='bbox 694 801 788 860; x_wconf 81' lang='grc' dir='ltr'><em>τῆς</em></span> <span class='ocrx_word' id='word_1_47' title='bbox 841 792 1104 860; x_wconf 80' lang='grc' dir='ltr'><em>ἡμετέρας</em></span> <span class='ocrx_word' id='word_1_48' title='bbox 1156 797 1459 859; x_wconf 77' lang='grc' dir='ltr'><em>πολιτείας,</em></span> <span class='ocrx_word' id='word_1_49' title='bbox 1514 791 1695 858; x_wconf 81' lang='grc'>&lt;227&gt;</span> <span class='ocrx_word' id='word_1_50' title='bbox 1746 788 1836 842; x_wconf 85' lang='grc' dir='ltr'><em>καὶ</em></span> 
     </span>
     <span class='ocr_line' id='line_1_9' title="bbox 158 875 1829 949; baseline -0.001 -17"><span class='ocrx_word' id='word_1_51' title='bbox 158 879 377 948; x_wconf 87' lang='grc' dir='ltr'><em>προσέτι</em></span> <span class='ocrx_word' id='word_1_52' title='bbox 416 879 826 946; x_wconf 78' lang='grc' dir='ltr'><em>λογιζέσθωσαν</em></span> <span class='ocrx_word' id='word_1_53' title='bbox 858 880 941 933; x_wconf 83' lang='grc' dir='ltr'><em>ὅτι</em></span> <span class='ocrx_word' id='word_1_54' title='bbox 975 883 1406 948; x_wconf 86' lang='grc' dir='ltr'><em>Λακεδαιμόνιοι</em></span> <span class='ocrx_word' id='word_1_55' title='bbox 1446 877 1546 949; x_wconf 75' lang='grc' dir='ltr'><em>μὲν</em></span> <span class='ocrx_word' id='word_1_56' title='bbox 1579 879 1712 932; x_wconf 81' lang='grc' dir='ltr'><em>ὅσον</em></span> <span class='ocrx_word' id='word_1_57' title='bbox 1744 875 1829 946; x_wconf 83' lang='grc' dir='ltr'><em>ἐφ’</em></span> 
     </span>
     <span class='ocr_line' id='line_1_10' title="bbox 159 965 1836 1038; baseline -0.001 -19"><span class='ocrx_word' id='word_1_58' title='bbox 159 965 366 1021; x_wconf 79' lang='grc' dir='ltr'><em>ἑαυτῶν</em></span> <span class='ocrx_word' id='word_1_59' title='bbox 404 971 611 1038; x_wconf 91' lang='grc' dir='ltr'><em>χρόνον</em></span> <span class='ocrx_word' id='word_1_60' title='bbox 650 965 801 1038; x_wconf 84' lang='grc' dir='ltr'><em>εἶχον</em></span> <span class='ocrx_word' id='word_1_61' title='bbox 839 970 940 1037; x_wconf 85' lang='grc' dir='ltr'><em>τὴν</em></span> <span class='ocrx_word' id='word_1_62' title='bbox 980 969 1325 1038; x_wconf 82' lang='grc' dir='ltr'><em>ἐλευθερίαν,</em></span> <span class='ocrx_word' id='word_1_63' title='bbox 1365 969 1602 1037; x_wconf 77' lang='grc' dir='ltr'><em>ἀκριβῶς</em></span> <span class='ocrx_word' id='word_1_64' title='bbox 1642 965 1836 1029; x_wconf 80' lang='grc' dir='ltr'><em>ἔδοξαν</em></span> 
     </span>
     <span class='ocr_line' id='line_1_11' title="bbox 91 1054 1840 1125; baseline -0.002 -16"><span class='ocrx_word' id='word_1_65' title='bbox 91 1078 133 1109; x_wconf 81' lang='grc' dir='ltr'><em>ιο</em></span> <span class='ocrx_word' id='word_1_66' title='bbox 158 1058 283 1117; x_wconf 81' lang='grc' dir='ltr'><em>τοὺς</em></span> <span class='ocrx_word' id='word_1_67' title='bbox 327 1059 533 1125; x_wconf 90' lang='grc' dir='ltr'><em>νόμους</em></span> <span class='ocrx_word' id='word_1_68' title='bbox 580 1058 996 1125; x_wconf 75' lang='grc' dir='ltr'><em>διαφυλάττειν,</em></span> <span class='ocrx_word' id='word_1_69' title='bbox 1052 1056 1166 1110; x_wconf 85' lang='grc' dir='ltr'><em>ἐπεὶ</em></span> <span class='ocrx_word' id='word_1_70' title='bbox 1221 1056 1407 1125; x_wconf 89' lang='grc' dir='ltr'><em>μέντοι</em></span> <span class='ocrx_word' id='word_1_71' title='bbox 1460 1054 1584 1124; x_wconf 89' lang='grc' dir='ltr'><em>περὶ</em></span> <span class='ocrx_word' id='word_1_72' title='bbox 1638 1055 1840 1116; x_wconf 85' lang='grc' dir='ltr'><em>αὐτοὺς</em></span> 
     </span>
     <span class='ocr_line' id='line_1_12' title="bbox 159 1142 1839 1216; baseline 0 -21"><span class='ocrx_word' id='word_1_73' title='bbox 159 1142 409 1211; x_wconf 86' lang='grc' dir='ltr'><em>ἐγένοντο</em></span> <span class='ocrx_word' id='word_1_74' title='bbox 457 1143 752 1214; x_wconf 88' lang='grc' dir='ltr'><em>μεταβολαὶ</em></span> <span class='ocrx_word' id='word_1_75' title='bbox 799 1153 893 1214; x_wconf 78' lang='grc' dir='ltr'><em>τῆς</em></span> <span class='ocrx_word' id='word_1_76' title='bbox 938 1147 1127 1216; x_wconf 87' lang='grc' dir='ltr'><em>τύχης,</em></span> <span class='ocrx_word' id='word_1_77' title='bbox 1176 1153 1375 1214; x_wconf 86' lang='grc' dir='ltr'><em>μικροῦ</em></span> <span class='ocrx_word' id='word_1_78' title='bbox 1423 1146 1542 1197; x_wconf 90' lang='grc' dir='ltr'><em>δεῖν</em></span> <span class='ocrx_word' id='word_1_79' title='bbox 1581 1143 1839 1196; x_wconf 81' lang='grc' dir='ltr'><em>ἁπάντων</em></span> 
     </span>
     <span class='ocr_line' id='line_1_13' title="bbox 159 1231 1840 1303; baseline -0.001 -19"><span class='ocrx_word' id='word_1_80' title='bbox 159 1231 483 1296; x_wconf 80' lang='grc' dir='ltr'><em>ἐξελάθοντο</em></span> <span class='ocrx_word' id='word_1_81' title='bbox 524 1243 634 1287; x_wconf 84' lang='grc' dir='ltr'><em>τῶν</em></span> <span class='ocrx_word' id='word_1_82' title='bbox 673 1236 880 1302; x_wconf 85' lang='grc' dir='ltr'><em>νόμων,</em></span> <span class='ocrx_word' id='word_1_83' title='bbox 922 1235 1102 1302; x_wconf 79' lang='lat'>&lt;228&gt;</span> <span class='ocrx_word' id='word_1_84' title='bbox 1141 1234 1297 1303; x_wconf 80' lang='grc' dir='ltr'><em>ἡμεῖς</em></span> <span class='ocrx_word' id='word_1_85' title='bbox 1336 1232 1388 1287; x_wconf 85' lang='grc' dir='ltr'><em>δ’</em></span> <span class='ocrx_word' id='word_1_86' title='bbox 1418 1232 1477 1285; x_wconf 88' lang='grc' dir='ltr'><em>ἐν</em></span> <span class='ocrx_word' id='word_1_87' title='bbox 1513 1234 1701 1302; x_wconf 86' lang='grc' dir='ltr'><em>τύχαις</em></span> <span class='ocrx_word' id='word_1_88' title='bbox 1739 1252 1840 1300; x_wconf 90' lang='grc' dir='ltr'><em>μυ-</em></span> 
     </span>
     <span class='ocr_line' id='line_1_14' title="bbox 159 1318 1841 1392; baseline -0.002 -19"><span class='ocrx_word' id='word_1_89' title='bbox 159 1324 304 1389; x_wconf 91' lang='grc' dir='ltr'><em>ρίαις</em></span> <span class='ocrx_word' id='word_1_90' title='bbox 340 1325 626 1389; x_wconf 79' lang='grc' dir='ltr'><em>γεγονότες</em></span> <span class='ocrx_word' id='word_1_91' title='bbox 657 1323 749 1375; x_wconf 79' lang='grc' dir='ltr'><em>διὰ</em></span> <span class='ocrx_word' id='word_1_92' title='bbox 788 1323 882 1385; x_wconf 81' lang='grc' dir='ltr'><em>τὰς</em></span> <span class='ocrx_word' id='word_1_93' title='bbox 913 1332 1023 1375; x_wconf 83' lang='grc' dir='ltr'><em>τῶν</em></span> <span class='ocrx_word' id='word_1_94' title='bbox 1055 1322 1503 1392; x_wconf 85' lang='grc' dir='ltr'><em>βασιλευσάντων</em></span> <span class='ocrx_word' id='word_1_95' title='bbox 1535 1328 1630 1389; x_wconf 83' lang='grc' dir='ltr'><em>τῆς</em></span> <span class='ocrx_word' id='word_1_96' title='bbox 1662 1318 1841 1381; x_wconf 87' lang='grc' dir='ltr'><em>Ἀσίας</em></span> 
     </span>
     <span class='ocr_line' id='line_1_15' title="bbox 158 1408 1841 1481; baseline -0.001 -20"><span class='ocrx_word' id='word_1_97' title='bbox 158 1412 458 1478; x_wconf 81' lang='grc' dir='ltr'><em>μεταβολὰς</em></span> <span class='ocrx_word' id='word_1_98' title='bbox 498 1408 617 1464; x_wconf 87' lang='grc' dir='ltr'><em>οὐδ’</em></span> <span class='ocrx_word' id='word_1_99' title='bbox 652 1410 712 1463; x_wconf 89' lang='grc' dir='ltr'><em>ἐν</em></span> <span class='ocrx_word' id='word_1_100' title='bbox 750 1420 866 1473; x_wconf 88' lang='grc' dir='ltr'><em>τοῖς</em></span> <span class='ocrx_word' id='word_1_101' title='bbox 904 1409 1151 1481; x_wconf 83' lang='grc' dir='ltr'><em>ἐσχάτοις</em></span> <span class='ocrx_word' id='word_1_102' title='bbox 1189 1419 1300 1463; x_wconf 84' lang='grc' dir='ltr'><em>τῶν</em></span> <span class='ocrx_word' id='word_1_103' title='bbox 1342 1412 1541 1462; x_wconf 83' lang='grc' dir='ltr'><em>δεινῶν</em></span> <span class='ocrx_word' id='word_1_104' title='bbox 1581 1409 1710 1470; x_wconf 90' lang='grc' dir='ltr'><em>τοὺς</em></span> <span class='ocrx_word' id='word_1_105' title='bbox 1747 1409 1841 1460; x_wconf 84' lang='grc' dir='ltr'><em>νό-</em></span> 
     </span>
     <span class='ocr_line' id='line_1_16' title="bbox 90 1496 1840 1568; baseline -0.002 -18"><span class='ocrx_word' id='word_1_106' title='bbox 90 1519 131 1550; x_wconf 87' lang='lat'><em>15</em></span> <span class='ocrx_word' id='word_1_107' title='bbox 158 1517 295 1566; x_wconf 87' lang='grc' dir='ltr'><em>μους</em></span> <span class='ocrx_word' id='word_1_108' title='bbox 324 1500 658 1568; x_wconf 88' lang='grc' dir='ltr'><em>προύδομεν,</em></span> <span class='ocrx_word' id='word_1_109' title='bbox 690 1499 793 1552; x_wconf 85' lang='grc' dir='ltr'><em>οὐκ</em></span> <span class='ocrx_word' id='word_1_110' title='bbox 824 1499 1018 1567; x_wconf 79' lang='grc' dir='ltr'><em>ἀργίας</em></span> <span class='ocrx_word' id='word_1_111' title='bbox 1042 1496 1173 1552; x_wconf 75' lang='grc' dir='ltr'><em>οὐδὲ</em></span> <span class='ocrx_word' id='word_1_112' title='bbox 1205 1506 1415 1568; x_wconf 84' lang='grc' dir='ltr'><em>τρυφῆς</em></span> <span class='ocrx_word' id='word_1_113' title='bbox 1447 1497 1648 1559; x_wconf 83' lang='grc' dir='ltr'><em>αὐτοὺς</em></span> <span class='ocrx_word' id='word_1_114' title='bbox 1679 1497 1840 1566; x_wconf 89' lang='grc' dir='ltr'><em>χάριν</em></span> 
     </span>
     <span class='ocr_line' id='line_1_17' title="bbox 155 1584 1840 1658; baseline -0.001 -20"><span class='ocrx_word' id='word_1_115' title='bbox 155 1584 525 1655; x_wconf 80' lang='grc' dir='ltr'><em>περιέποντες,</em></span> <span class='ocrx_word' id='word_1_116' title='bbox 587 1584 707 1640; x_wconf 86' lang='grc' dir='ltr'><em>ἀλλ’</em></span> <span class='ocrx_word' id='word_1_117' title='bbox 752 1592 808 1640; x_wconf 71' lang='grc' dir='ltr'><em>εἴ</em></span> <span class='ocrx_word' id='word_1_118' title='bbox 861 1607 944 1650; x_wconf 87' lang='grc' dir='ltr'><em>τις</em></span> <span class='ocrx_word' id='word_1_119' title='bbox 999 1585 1282 1658; x_wconf 77' lang='grc' dir='ltr'><em>(τάληθὲς)</em></span> <span class='ocrx_word' id='word_1_120' title='bbox 1347 1585 1532 1639; x_wconf 79' lang='grc' dir='ltr'><em>ἐθέλοι</em></span> <span class='ocrx_word' id='word_1_121' title='bbox 1595 1593 1840 1652; x_wconf 85' lang='grc' dir='ltr'><em>σκοπεῖν,</em></span> 
     </span>
     <span class='ocr_line' id='line_1_18' title="bbox 154 1675 1842 1746; baseline -0.001 -19"><span class='ocrx_word' id='word_1_122' title='bbox 154 1678 340 1746; x_wconf 77' lang='grc' dir='ltr'><em>πολλῷ</em></span> <span class='ocrx_word' id='word_1_123' title='bbox 388 1695 497 1728; x_wconf 85' lang='grc' dir='ltr'><em>τινι</em></span> <span class='ocrx_word' id='word_1_124' title='bbox 542 1683 639 1743; x_wconf 84' lang='grc' dir='ltr'><em>τῆς</em></span> <span class='ocrx_word' id='word_1_125' title='bbox 677 1677 950 1744; x_wconf 87' lang='grc' dir='ltr'><em>δοκούσης</em></span> <span class='ocrx_word' id='word_1_126' title='bbox 989 1675 1338 1745; x_wconf 82' lang='grc' dir='ltr'><em>ἐπιτετάχθαι</em></span> <span class='ocrx_word' id='word_1_127' title='bbox 1377 1675 1842 1741; x_wconf 84' lang='grc' dir='ltr'><em>Λακεδαιμονίοις</em></span> 
     </span>
     <span class='ocr_line' id='line_1_19' title="bbox 154 1760 1842 1831; baseline 0 -17"><span class='ocrx_word' id='word_1_128' title='bbox 154 1765 443 1831; x_wconf 87' lang='grc' dir='ltr'><em>καρτερίας</em></span> <span class='ocrx_word' id='word_1_129' title='bbox 482 1766 735 1831; x_wconf 81' lang='grc' dir='ltr'><em>μείζονας</em></span> <span class='ocrx_word' id='word_1_130' title='bbox 772 1765 984 1826; x_wconf 77' lang='grc' dir='ltr'><em>ἄθλους</em></span> <span class='ocrx_word' id='word_1_131' title='bbox 1022 1762 1112 1816; x_wconf 83' lang='grc' dir='ltr'><em>καὶ</em></span> <span class='ocrx_word' id='word_1_132' title='bbox 1150 1765 1357 1825; x_wconf 89' lang='grc' dir='ltr'><em>πόνους</em></span> <span class='ocrx_word' id='word_1_133' title='bbox 1394 1762 1526 1830; x_wconf 84' lang='grc' dir='ltr'><em>ἡμῖν</em></span> <span class='ocrx_word' id='word_1_134' title='bbox 1568 1760 1842 1815; x_wconf 86' lang='grc' dir='ltr'><em>ἐπιτιθέν-</em></span> 
     </span>
     <span class='ocr_line' id='line_1_20' title="bbox 155 1848 1843 1921; baseline 0 -18"><span class='ocrx_word' id='word_1_135' title='bbox 155 1870 255 1913; x_wconf 90' lang='grc' dir='ltr'><em>τες.</em></span> <span class='ocrx_word' id='word_1_136' title='bbox 316 1851 494 1919; x_wconf 81' lang='lat'>&lt;229&gt;</span> <span class='ocrx_word' id='word_1_137' title='bbox 529 1853 587 1905; x_wconf 77' lang='grc' dir='ltr'><em>οἱ</em></span> <span class='ocrx_word' id='word_1_138' title='bbox 621 1851 815 1921; x_wconf 87' lang='grc' dir='ltr'><em>μένγε</em></span> <span class='ocrx_word' id='word_1_139' title='bbox 855 1855 989 1921; x_wconf 74' lang='grc' dir='ltr'><em>μήτε,</em></span> <span class='ocrx_word' id='word_1_140' title='bbox 1019 1859 1123 1920; x_wconf 79' lang='grc' dir='ltr'><em>γῆν</em></span> <span class='ocrx_word' id='word_1_141' title='bbox 1157 1852 1508 1921; x_wconf 81' lang='grc' dir='ltr'><em>ἐργαζόμενοι</em></span> <span class='ocrx_word' id='word_1_142' title='bbox 1548 1853 1680 1920; x_wconf 85' lang='grc' dir='ltr'><em>μήτε</em></span> <span class='ocrx_word' id='word_1_143' title='bbox 1716 1848 1843 1920; x_wconf 90' lang='grc' dir='ltr'><em>περὶ</em></span> 
     </span>
     <span class='ocr_line' id='line_1_21' title="bbox 12 1933 1843 2009; baseline 0.001 -17"><span class='ocrx_word' id='word_1_144' title='bbox 12 1933 16 1935; x_wconf 45' lang='grc'><strong>’</strong></span> <span class='ocrx_word' id='word_1_145' title='bbox 88 1962 132 1993; x_wconf 85' lang='lat'><em>20</em></span> <span class='ocrx_word' id='word_1_146' title='bbox 155 1938 348 2009; x_wconf 90' lang='grc' dir='ltr'><em>τέχνας</em></span> <span class='ocrx_word' id='word_1_147' title='bbox 378 1948 695 2006; x_wconf 86' lang='grc' dir='ltr'><em>πονοῦντες,</em></span> <span class='ocrx_word' id='word_1_148' title='bbox 727 1940 866 1994; x_wconf 80' lang='grc' dir='ltr'><em>ἀλλὰ</em></span> <span class='ocrx_word' id='word_1_149' title='bbox 897 1941 1074 2009; x_wconf 89' lang='grc' dir='ltr'><em>πάσης</em></span> <span class='ocrx_word' id='word_1_150' title='bbox 1099 1940 1354 2008; x_wconf 80' lang='grc' dir='ltr'><em>ἐργασίας</em></span> <span class='ocrx_word' id='word_1_151' title='bbox 1377 1942 1587 2009; x_wconf 77' lang='grc' dir='ltr'><em>ἄφετοι,</em></span> <span class='ocrx_word' id='word_1_152' title='bbox 1620 1937 1843 2009; x_wconf 85' lang='grc' dir='ltr'><em>λιπαροὶ</em></span> 
     </span>
     <span class='ocr_line' id='line_1_22' title="bbox 156 2026 1844 2097; baseline 0.001 -18"><span class='ocrx_word' id='word_1_153' title='bbox 156 2026 246 2080; x_wconf 87' lang='grc' dir='ltr'><em>καὶ</em></span> <span class='ocrx_word' id='word_1_154' title='bbox 285 2030 350 2080; x_wconf 81' lang='grc' dir='ltr'><em>τὰ</em></span> <span class='ocrx_word' id='word_1_155' title='bbox 390 2030 610 2097; x_wconf 84' lang='grc' dir='ltr'><em>σώματα</em></span> <span class='ocrx_word' id='word_1_156' title='bbox 649 2031 784 2097; x_wconf 91' lang='grc' dir='ltr'><em>πρὸς</em></span> <span class='ocrx_word' id='word_1_157' title='bbox 823 2029 1022 2091; x_wconf 90' lang='grc' dir='ltr'><em>κάλλος</em></span> <span class='ocrx_word' id='word_1_158' title='bbox 1053 2029 1351 2091; x_wconf 81' lang='grc' dir='ltr'><em>ἀσκοῦντες</em></span> <span class='ocrx_word' id='word_1_159' title='bbox 1383 2027 1470 2081; x_wconf 87' lang='grc' dir='ltr'><em>ἐπὶ</em></span> <span class='ocrx_word' id='word_1_160' title='bbox 1501 2036 1595 2095; x_wconf 81' lang='grc' dir='ltr'><em>τῆς</em></span> <span class='ocrx_word' id='word_1_161' title='bbox 1632 2031 1844 2090; x_wconf 88' lang='grc' dir='ltr'><em>πόλεως</em></span> 
     </span>
     <span class='ocr_line' id='line_1_23' title="bbox 156 2116 1841 2187; baseline 0 -19"><span class='ocrx_word' id='word_1_162' title='bbox 156 2117 371 2185; x_wconf 84' lang='grc' dir='ltr'><em>διῆγον,</em></span> <span class='ocrx_word' id='word_1_163' title='bbox 422 2117 603 2186; x_wconf 78' lang='grc'>&lt;230&gt;</span> <span class='ocrx_word' id='word_1_164' title='bbox 641 2119 829 2180; x_wconf 78' lang='grc' dir='ltr'><em>ἄλλοις</em></span> <span class='ocrx_word' id='word_1_165' title='bbox 867 2116 1162 2187; x_wconf 84' lang='grc' dir='ltr'><em>ὑπηρέταις</em></span> <span class='ocrx_word' id='word_1_166' title='bbox 1207 2119 1346 2187; x_wconf 90' lang='grc' dir='ltr'><em>πρὸς</em></span> <span class='ocrx_word' id='word_1_167' title='bbox 1384 2119 1596 2170; x_wconf 75' lang='grc' dir='ltr'><em>ἅπαντα</em></span> <span class='ocrx_word' id='word_1_168' title='bbox 1635 2117 1701 2169; x_wconf 82' lang='grc' dir='ltr'><em>τὰ</em></span> <span class='ocrx_word' id='word_1_169' title='bbox 1739 2123 1841 2169; x_wconf 82' lang='grc' dir='ltr'><em>τοῦ</em></span> 
     </span>
     <span class='ocr_line' id='line_1_24' title="bbox 155 2203 1843 2275; baseline -0.001 -17"><span class='ocrx_word' id='word_1_170' title='bbox 155 2208 284 2273; x_wconf 86' lang='grc' dir='ltr'><em>βίον</em></span> <span class='ocrx_word' id='word_1_171' title='bbox 323 2207 597 2274; x_wconf 83' lang='grc' dir='ltr'><em>χρώμενοι</em></span> <span class='ocrx_word' id='word_1_172' title='bbox 635 2204 726 2258; x_wconf 84' lang='grc' dir='ltr'><em>καὶ</em></span> <span class='ocrx_word' id='word_1_173' title='bbox 764 2207 978 2275; x_wconf 88' lang='grc' dir='ltr'><em>τροφὴν</em></span> <span class='ocrx_word' id='word_1_174' title='bbox 1018 2203 1240 2274; x_wconf 81' lang='grc' dir='ltr'><em>ἑτοίμην</em></span> <span class='ocrx_word' id='word_1_175' title='bbox 1278 2204 1405 2273; x_wconf 87' lang='grc' dir='ltr'><em>παρ’</em></span> <span class='ocrx_word' id='word_1_176' title='bbox 1438 2205 1667 2258; x_wconf 85' lang='grc' dir='ltr'><em>ἐκείνων</em></span> <span class='ocrx_word' id='word_1_177' title='bbox 1709 2209 1843 2273; x_wconf 84' lang='grc' dir='ltr'><em>λαμ-</em></span> 
     </span>
     <span class='ocr_line' id='line_1_25' title="bbox 155 2289 1845 2363; baseline 0.001 -18"><span class='ocrx_word' id='word_1_178' title='bbox 155 2293 441 2361; x_wconf 87' lang='grc' dir='ltr'><em>βάνοντες,</em></span> <span class='ocrx_word' id='word_1_179' title='bbox 488 2289 574 2363; x_wconf 85' lang='grc' dir='ltr'><em>ἐφ’</em></span> <span class='ocrx_word' id='word_1_180' title='bbox 604 2294 665 2346; x_wconf 82' lang='grc' dir='ltr'><em>ἓν</em></span> <span class='ocrx_word' id='word_1_181' title='bbox 706 2295 773 2362; x_wconf 83' lang='grc' dir='ltr'><em>δὴ</em></span> <span class='ocrx_word' id='word_1_182' title='bbox 819 2302 983 2347; x_wconf 88' lang='grc' dir='ltr'><em>τοῦτο</em></span> <span class='ocrx_word' id='word_1_183' title='bbox 1024 2297 1199 2363; x_wconf 90' lang='grc' dir='ltr'><em>μόνον</em></span> <span class='ocrx_word' id='word_1_184' title='bbox 1238 2295 1299 2347; x_wconf 92' lang='grc' dir='ltr'><em>τὸ</em></span> <span class='ocrx_word' id='word_1_185' title='bbox 1339 2296 1510 2347; x_wconf 91' lang='grc' dir='ltr'><em>καλὸν</em></span> <span class='ocrx_word' id='word_1_186' title='bbox 1552 2296 1716 2363; x_wconf 82' lang='grc' dir='ltr'><em>ἔργον</em></span> <span class='ocrx_word' id='word_1_187' title='bbox 1754 2292 1845 2346; x_wconf 85' lang='grc' dir='ltr'><em>καὶ</em></span> 
     </span>
     <span class='ocr_line' id='line_1_26' title="bbox 90 2381 1845 2452; baseline 0.001 -18"><span class='ocrx_word' id='word_1_188' title='bbox 90 2402 131 2434; x_wconf 82' lang='lat'><em>25</em></span> <span class='ocrx_word' id='word_1_189' title='bbox 157 2383 563 2450; x_wconf 85' lang='grc' dir='ltr'><em>φιλάνθρωπον</em></span> <span class='ocrx_word' id='word_1_190' title='bbox 610 2383 822 2435; x_wconf 76' lang='grc' dir='ltr'><em>ἅπαντα</em></span> <span class='ocrx_word' id='word_1_191' title='bbox 864 2381 955 2435; x_wconf 90' lang='grc' dir='ltr'><em>καὶ</em></span> <span class='ocrx_word' id='word_1_192' title='bbox 1004 2383 1263 2452; x_wconf 88' lang='grc' dir='ltr'><em>πράττειν</em></span> <span class='ocrx_word' id='word_1_193' title='bbox 1303 2381 1394 2436; x_wconf 83' lang='grc' dir='ltr'><em>καὶ</em></span> <span class='ocrx_word' id='word_1_194' title='bbox 1441 2383 1670 2452; x_wconf 88' lang='grc' dir='ltr'><em>πάσχειν</em></span> <span class='ocrx_word' id='word_1_195' title='bbox 1710 2382 1845 2435; x_wconf 90' lang='grc' dir='ltr'><em>ὑπο-</em></span> 
     </span>
     <span class='ocr_line' id='line_1_27' title="bbox 157 2470 1843 2542; baseline -0.001 -18"><span class='ocrx_word' id='word_1_196' title='bbox 157 2471 434 2540; x_wconf 87' lang='grc' dir='ltr'><em>μένοντες,</em></span> <span class='ocrx_word' id='word_1_197' title='bbox 472 2472 534 2524; x_wconf 89' lang='grc' dir='ltr'><em>τὸ</em></span> <span class='ocrx_word' id='word_1_198' title='bbox 574 2481 796 2540; x_wconf 87' lang='grc' dir='ltr'><em>κρατεῖν</em></span> <span class='ocrx_word' id='word_1_199' title='bbox 833 2473 1058 2524; x_wconf 86' lang='grc' dir='ltr'><em>πάντων</em></span> <span class='ocrx_word' id='word_1_200' title='bbox 1098 2470 1184 2541; x_wconf 85' lang='grc' dir='ltr'><em>ἐφ’</em></span> <span class='ocrx_word' id='word_1_201' title='bbox 1216 2472 1313 2534; x_wconf 83' lang='grc' dir='ltr'><em>οὓς</em></span> <span class='ocrx_word' id='word_1_202' title='bbox 1352 2471 1421 2525; x_wconf 80' lang='grc' dir='ltr'><em>ἂν</em></span> <span class='ocrx_word' id='word_1_203' title='bbox 1458 2472 1843 2542; x_wconf 85' lang='grc' dir='ltr'><em>στρατεύωσιν.</em></span> 
     </span>
     <span class='ocr_line' id='line_1_28' title="bbox 156 2556 1845 2628; baseline -0.001 -16"><span class='ocrx_word' id='word_1_204' title='bbox 156 2561 337 2628; x_wconf 83' lang='lat'>&lt;231&gt;</span> <span class='ocrx_word' id='word_1_205' title='bbox 377 2559 462 2612; x_wconf 81' lang='grc' dir='ltr'><em>ὅτι</em></span> <span class='ocrx_word' id='word_1_206' title='bbox 502 2556 563 2611; x_wconf 77' lang='grc' dir='ltr'><em>δὲ</em></span> <span class='ocrx_word' id='word_1_207' title='bbox 602 2557 740 2628; x_wconf 79' lang='grc' dir='ltr'><em>μηδὲ</em></span> <span class='ocrx_word' id='word_1_208' title='bbox 779 2567 942 2613; x_wconf 87' lang='grc' dir='ltr'><em>τοῦτο</em></span> <span class='ocrx_word' id='word_1_209' title='bbox 981 2561 1376 2628; x_wconf 82' lang='grc' dir='ltr'><em>κατώρθωσαν,</em></span> <span class='ocrx_word' id='word_1_210' title='bbox 1417 2559 1487 2612; x_wconf 84' lang='grc' dir='ltr'><em>ἐῶ</em></span> <span class='ocrx_word' id='word_1_211' title='bbox 1528 2558 1736 2627; x_wconf 88' lang='grc' dir='ltr'><em>λέγειν·</em></span> <span class='ocrx_word' id='word_1_212' title='bbox 1778 2558 1845 2612; x_wconf 86' lang='grc' dir='ltr'><em>οὐ</em></span> 
     </span>
     <span class='ocr_line' id='line_1_29' title="bbox 156 2645 1847 2718; baseline 0 -17"><span class='ocrx_word' id='word_1_213' title='bbox 156 2649 261 2718; x_wconf 83' lang='grc' dir='ltr'><em>γὰρ</em></span> <span class='ocrx_word' id='word_1_214' title='bbox 308 2645 437 2701; x_wconf 83' lang='grc' dir='ltr'><em>καθ’</em></span> <span class='ocrx_word' id='word_1_215' title='bbox 477 2647 575 2700; x_wconf 79' lang='grc' dir='ltr'><em>ἕνα</em></span> <span class='ocrx_word' id='word_1_216' title='bbox 621 2651 816 2716; x_wconf 89' lang='grc' dir='ltr'><em>μόνον,</em></span> <span class='ocrx_word' id='word_1_217' title='bbox 872 2648 1010 2701; x_wconf 83' lang='grc' dir='ltr'><em>ἀλλὰ</em></span> <span class='ocrx_word' id='word_1_218' title='bbox 1062 2646 1259 2701; x_wconf 88' lang='grc' dir='ltr'><em>πολλοὶ</em></span> <span class='ocrx_word' id='word_1_219' title='bbox 1314 2648 1578 2711; x_wconf 91' lang='grc' dir='ltr'><em>πολλάκις</em></span> <span class='ocrx_word' id='word_1_220' title='bbox 1624 2647 1847 2717; x_wconf 84' lang='grc' dir='ltr'><em>ἀθρόως</em></span> 
     </span>
     <span class='ocr_line' id='line_1_30' title="bbox 135 2736 1847 2805; baseline 0.001 -17"><span class='ocrx_word' id='word_1_221' title='bbox 135 2745 269 2790; x_wconf 79' lang='grc' dir='ltr'><em>τῶν</em></span> <span class='ocrx_word' id='word_1_222' title='bbox 322 2744 422 2790; x_wconf 87' lang='grc' dir='ltr'><em>τοῦ</em></span> <span class='ocrx_word' id='word_1_223' title='bbox 484 2738 661 2804; x_wconf 90' lang='grc' dir='ltr'><em>νόμου</em></span> <span class='ocrx_word' id='word_1_224' title='bbox 723 2736 1158 2805; x_wconf 83' lang='grc' dir='ltr'><em>προσταγμάτων</em></span> <span class='ocrx_word' id='word_1_225' title='bbox 1212 2737 1581 2805; x_wconf 86' lang='grc' dir='ltr'><em>ἀμελήσαντες</em></span> <span class='ocrx_word' id='word_1_226' title='bbox 1642 2737 1847 2799; x_wconf 87' lang='grc' dir='ltr'><em>αὑτοὺς</em></span> 
     </span>
     <span class='ocr_line' id='line_1_31' title="bbox 89 2824 1513 2894; baseline 0.001 -18"><span class='ocrx_word' id='word_1_227' title='bbox 89 2844 134 2876; x_wconf 85' lang='lat'><em>30</em></span> <span class='ocrx_word' id='word_1_228' title='bbox 158 2826 291 2894; x_wconf 78' lang='grc' dir='ltr'><em>μετὰ</em></span> <span class='ocrx_word' id='word_1_229' title='bbox 330 2833 442 2878; x_wconf 82' lang='grc' dir='ltr'><em>τῶν</em></span> <span class='ocrx_word' id='word_1_230' title='bbox 483 2825 669 2877; x_wconf 83' lang='grc' dir='ltr'><em>ὅπλων</em></span> <span class='ocrx_word' id='word_1_231' title='bbox 708 2824 1024 2893; x_wconf 88' lang='grc' dir='ltr'><em>παρέδοσαν</em></span> <span class='ocrx_word' id='word_1_232' title='bbox 1062 2834 1178 2888; x_wconf 90' lang='grc' dir='ltr'><em>τοῖς</em></span> <span class='ocrx_word' id='word_1_233' title='bbox 1216 2830 1513 2894; x_wconf 91' lang='grc' dir='ltr'><em>πολεμίοις.</em></span> 
     </span>
     <span class='ocr_line' id='line_1_32' title="bbox 270 2909 1935 2983; baseline 0.001 -19"><span class='ocrx_word' id='word_1_234' title='bbox 270 2913 453 2982; x_wconf 81' lang='lat'>&lt;232&gt;</span> <span class='ocrx_word' id='word_1_235' title='bbox 494 2909 580 2981; x_wconf 80' lang='grc' dir='ltr'><em>ἀρ’</em></span> <span class='ocrx_word' id='word_1_236' title='bbox 612 2909 715 2967; x_wconf 80' lang='grc' dir='ltr'><em>οὖν</em></span> <span class='ocrx_word' id='word_1_237' title='bbox 754 2912 845 2966; x_wconf 84' lang='grc' dir='ltr'><em>καὶ</em></span> <span class='ocrx_word' id='word_1_238' title='bbox 883 2912 1010 2983; x_wconf 85' lang='grc' dir='ltr'><em>παρ’</em></span> <span class='ocrx_word' id='word_1_239' title='bbox 1040 2912 1193 2983; x_wconf 85' lang='grc' dir='ltr'><em>ἡμῖν,</em></span> <span class='ocrx_word' id='word_1_240' title='bbox 1240 2914 1308 2967; x_wconf 85' lang='grc' dir='ltr'><em>οὐ</em></span> <span class='ocrx_word' id='word_1_241' title='bbox 1348 2913 1487 2982; x_wconf 86' lang='grc' dir='ltr'><em>λέγω</em></span> <span class='ocrx_word' id='word_1_242' title='bbox 1527 2915 1847 2982; x_wconf 88' lang='grc' dir='ltr'><em>τοσούτους,</em></span> <span class='ocrx_word' id='word_1_243' title='bbox 1879 2928 1935 2966; x_wconf 77' lang='lat'><em>32</em></span> 
     </span>
    </p>
   </div>
  </div>
 </body>
</html>
