2032 3128
225 93 329 144 162
644 96 769 137 ΤΟΤ
799 97 1140 139 ΙΟΥΔΑῙΚΟΤ
1171 99 1478 141 ΠΟΛΕΜΟΥ

217 247 333 279 νων
375 224 435 279 δὲ
472 230 788 297 τολμήματα
827 232 989 299 χείρω
1029 231 1166 297 πρὸς
1205 231 1407 294 αὐτοὺς
1437 230 1668 300 ἐγένετο.
1722 233 1903 302 (258)

217 313 347 367 κάπὶ
386 321 460 386 τῷ
500 318 809 379 ψεύδεσθαι
847 317 1016 371 πάλιν
1047 320 1147 387 τὴν
1177 321 1458 388 πρόφασιν
1499 320 1902 390 ἐξελεγχόμενοι

217 406 428 471 μᾶλλον
484 403 719 458 ἐκάκουν
773 408 901 467 τοὺς
953 406 1055 474 τὴν
1108 411 1385 477 πονηρίαν
1435 408 1618 462 αὐτῶν
1669 406 1761 456 διὰ
1807 410 1903 471 τῆς

218 492 590 554 δικαιολογίας
627 493 1055 551 ὀνειδίζοντας-«ν
1087 494 1270 557 (259)
1318 487 1533 557 ἐγένετο
1573 491 1677 559 γάρ
1717 510 1832 554 πως
1871 491 1900 545 ὁ

214 581 414 646 χρόνος
446 574 654 637 ἐκεῖνος
683 577 1037 643 παντοδαπῆς
1069 575 1129 629 ἐν
1159 586 1276 640 τοῖς
1307 575 1600 641 Ἰουδαίοις
1636 582 1904 649 πονηρίας
1949 600 1970 633 5

213 665 561 733 πολυφόρος,
599 663 672 724 ὡς
711 660 885 731 μηδὲν
924 667 1115 726 κακίας
1153 666 1319 732 ἔργον
1357 666 1636 735 ἄπρακτον
1674 671 1903 736 παραλι-

213 763 365 821 πεῖν,
405 750 532 821 μηδ’
571 757 628 804 εἴ
652 771 735 813 τις
773 750 990 822 ἐπινοίᾳ
1023 753 1373 804 διαπλάττειν
1405 752 1720 821 ἐθελήσειεν
1757 756 1903 824 ἔχειν

215 843 284 894 ἄν
333 861 383 894 τι
430 842 751 909 καινότερον
792 838 1049 908 ἐξευρεῖν.
1125 838 1306 907 <26Ο>
1346 839 1519 901 οὕτως
1563 841 1678 910 ἰδία
1714 858 1772 891 τε
1812 841 1905 892 καὶ

214 936 374 999 κοινῇ
413 929 613 990 πάντες
651 928 950 997 ἐνόσησαν,
999 925 1090 980 καὶ
1128 921 1266 996 πρὸς
1302 929 1364 980 τὸ
1402 926 1772 996 ὑπερβάλλειν
1811 926 1905 979 ἀλ-

216 1020 419 1086 λήλους
465 1019 524 1070 ἔν
571 1029 629 1069 τε·
674 1026 792 1078 ταῖς
838 1018 975 1085 πρὸς
1020 1017 1117 1068 τὸν
1163 1017 1302 1069 θεὸν
1349 1015 1623 1085 ἀσεβείαις
1660 1013 1751 1068 καὶ
1787 1025 1906 1078 ταῖς
1930 1039 1973 1070 10

216 1109 295 1169 εἰς
332 1108 463 1168 τοὺς
500 1107 735 1172 πλησίον
775 1102 1015 1166 ἀδικίαις
1054 1102 1467 1172 ἐφιλονίκησαν,
1506 1104 1565 1156 οἱ
1599 1099 1700 1171 μὲν
1737 1104 1905 1156 δυνα-

216 1193 302 1247 τοὶ
340 1195 406 1247 τὰ
444 1196 632 1261 πλήθη
672 1200 993 1259 κακοῦντες,
1039 1193 1097 1244 Οί
1130 1190 1326 1245 πολλοὶ
1366 1188 1428 1244 δὲ
1465 1194 1594 1254 τοὺς
1634 1193 1907 1254 δυνατοὺς

219 1282 527 1336 ἀπολλύναι
575 1281 930 1343 σπεύδοντες·
1001 1280 1198 1350 <261>
1247 1276 1317 1349 ἧν
1367 1280 1472 1350 γὰρ
1525 1280 1755 1343 ἐκείνοις
1804 1277 1906 1348 μὲν

219 1371 487 1440 ἐπιθυμία
525 1377 624 1423 τοῦ
663 1378 976 1439 τυραννεῖν,
1013 1378 1130 1432 τοῖς
1163 1366 1224 1422 δὲ
1254 1377 1354 1422 τοῦ
1385 1369 1672 1436 βιάζεσθαι
1710 1367 1802 1422 καὶ
1841 1369 1906 1422 τὰ

217 1469 328 1512 τῶν
374 1459 629 1526 εὐπόρων
676 1452 1007 1529 διαρπάζειν.
1085 1458 1267 1526 <262>
1314 1467 1523 1528 πρῶτοι
1570 1455 1670 1527 μὲν
1710 1453 1813 1510 οὖν
1854 1457 1912 1510 οί
1933 1479 1975 1512 15

219 1548 460 1616 σικάριοι
498 1553 595 1615 τῆς
632 1549 977 1616 παρανομίας
1015 1545 1106 1599 καὶ
1146 1555 1241 1615 τῆς
1281 1548 1420 1616 πρὸς
1455 1548 1585 1608 τοὺς
1625 1554 1909 1614 συγγενεῖς

218 1633 390 1703 ἧρξαν
430 1635 736 1704 ὠμότητος,
787 1638 918 1704 μήτε
967 1638 1137 1703 λόγον
1176 1637 1417 1705 ἄρρητον
1457 1635 1740 1709 είςῦβριν
1780 1632 1901 1703 μήτ’

218 1726 384 1792 ἔργον
439 1723 734 1794 ἀπείρατον
789 1725 868 1786 εἰς
922 1725 1165 1793 ὄλεθρον
1218 1733 1329 1776 τῶν
1394 1721 1908 1791 ἐπιβουλευθέντων

218 1815 632 1881 παραλιπόντες.
711 1811 849 1865 ἀλλὰ
895 1811 987 1865 καὶ
1037 1814 1270 1875 τούτους
1316 1810 1579 1879 Ἰωάννης
1626 1809 1908 1875 ἀπέδειξεν

220 1901 393 1954 αὑτοῦ
455 1901 866 1972 μετριωτέρους.
947 1902 1129 1971 <263>
1181 1902 1248 1955 οὐ
1310 1902 1415 1971 γὰρ
1478 1904 1654 1970 μόνον
1716 1899 1909 1971 ἀνῄρει
1934 1924 1977 1956 20

219 1990 426 2052 πάντας
465 1990 588 2043 ὅσοι
626 1991 692 2043 τὰ
732 1992 918 2043 δίκαια
955 1989 1047 2043 καὶ
1089 1989 1442 2060 συμφέροντα
1482 1990 1910 2058 συνεβούλευον,

220 2079 469 2147 καθάπερ
503 2078 779 2148 ἐχθίστοις
804 2081 1037 2148 μάλιστα
1070 2080 1138 2148 δὴ
1171 2089 1281 2132 τῶν
1312 2083 1553 2132 πολιτῶν
1583 2087 1699 2141 τοῖς
1729 2079 1909 2131 τοιού-

219 2186 334 2229 τοις
371 2170 848 2238 προσφερόμενος,
889 2167 1028 2221 ἀλλὰ
1066 2166 1158 2221 καὶ
1195 2175 1354 2238 κοινῇ
1395 2168 1495 2236 τὴν
1533 2168 1770 2235 πατρίδα
1809 2186 1909 2235 μυ-

222 2257 359 2325 ρίων
399 2254 662 2325 ἐνέπλησε
699 2265 901 2323 κακῶν,
951 2249 1040 2310 οἷα
1078 2255 1306 2326 πράξειν
1346 2258 1572 2325 ἔμελλεν
1611 2256 1911 2324 ἄνθρωπος

219 2346 326 2412 ήδη
365 2342 457 2396 καὶ
495 2346 594 2397 τὸν
632 2346 771 2397 θεὸν
810 2343 1033 2413 ἀσεβεῖν
1070 2344 1432 2414 τετολμηκώς·
1495 2344 1676 2412 <264>
1715 2344 1978 2413 moins-25

224 2433 319 2496 ζάν
350 2452 407 2485 τε
440 2433 545 2501 γὰρ
577 2434 828 2502 άθεσμον
858 2436 1207 2502 παρετίθετο,
1245 2431 1337 2486 καὶ
1372 2434 1474 2502 τὴν
1505 2431 1910 2502 νενομισμένην
1984 2478 1986 2481 f

220 2520 311 2574 καὶ
357 2522 590 2591 πάτριον
637 2519 984 2592 ἐξεδιῄτησεν
1033 2521 1285 2590 ἁγνείαν,
1334 2520 1406 2574 ἵν’
1454 2516 1487 2592 ᾐ
1533 2520 1723 2590 μηκέτι
1769 2527 1911 2574 θαυ-

222 2612 431 2679 μαστὸν
469 2612 521 2663 εί
557 2611 658 2679 τὴν
695 2612 832 2679 πρὸς
871 2610 1208 2681 ἀνθρώπους
1245 2611 1550 2680 ἡμερότητα
1588 2608 1679 2662 καὶ
1715 2629 1911 2663 κοινω-

221 2703 350 2752 νίαν
396 2699 498 2752 οὐκ
547 2698 809 2768 ἐτήρησεν
850 2698 879 2752 ὁ
926 2707 1022 2767 τῆς
1068 2702 1205 2769 πρὸς
1253 2700 1393 2752 θεὸν
1441 2698 1719 2767 εὐσεβείας
1765 2698 1908 2752 οὕτω

222 2790 562 2857 καταμανείς.
639 2785 821 2856 <265>
867 2788 1035 2840 πάλιν
1081 2790 1273 2841 τοίνυν
1324 2786 1353 2839 ὁ
1397 2787 1583 2857 Γιώρα
1623 2790 1818 2856 Σίμων
1857 2789 1914 2839 τί
1934 2808 1978 2839 30

223 2878 392 2929 κακὸν
432 2876 534 2929 οὐκ
579 2877 835 2945 ε”δρασεν;
883 2875 915 2944 ἢ
963 2879 1124 2939 ποιάς
1168 2876 1382 2946 ὕβρεως
1429 2874 1744 2944 ἐλευθέρων
1783 2873 1910 2927 ἀπέ-
