2032 3128
722 892 1241 955 Praefatio,

247 1141 366 1195 Hoc
418 1143 687 1196 volumine
734 1143 1076 1196 eontinentur
1122 1146 1232 1195 tres
1278 1142 1405 1195 libri
1450 1143 1709 1210 postremi
1756 1143 1819 1194 de
1883 1139 1886 1142 ’

136 1238 278 1290 bello
319 1238 355 1290 J
356 1238 541 1291 udaieo
590 1257 650 1291 ae
696 1242 968 1308 praeterea
1009 1239 1112 1290 duo
1151 1238 1279 1290 libri
1316 1241 1500 1290 contra
1538 1237 1818 1307 Apionem.

137 1332 218 1386 De
264 1333 373 1386 illis
421 1334 478 1386 in
516 1334 706 1403 quinto
744 1334 1014 1387 volumine
1055 1329 1314 1403 quantuni
1353 1333 1484 1386 satis
1523 1333 1818 1403 videbatur,

137 1430 547 1499 disputavimus3
597 1448 739 1482 nune
777 1434 956 1482 autem
996 1429 1268 1482 sciendum
1306 1432 1387 1481 est
1424 1429 1595 1481 libros
1633 1434 1820 1483 eontra

136 1525 400 1594 Apionem
454 1529 693 1578 servatos
747 1543 860 1577 esse
912 1526 971 1577 in
1023 1526 1198 1578 codiee
1244 1524 1602 1578 Laurentiano
1650 1526 1822 1594 plutei

137 1622 311 1675 LXIX
343 1623 430 1692 22,
470 1622 562 1690 qui
595 1622 841 1691 >omnium
880 1621 1119 1674 codicum
1150 1622 1269 1673 fons
1301 1625 1354 1673 et
1386 1621 1706 1690 archetypus
1738 1625 1820 1673 est

135 1718 432 1787 habendus,
479 1718 617 1770 unde
656 1718 897 1786 sequitur
942 1717 1177 1786 reliquos
1231 1718 1400 1770 libros
1451 1721 1570 1770 tuto
1617 1718 1821 1788 negligi

134 1832 306 1883 posse.
388 1814 655 1867 Eusebius
702 1817 882 1866 tamen
930 1814 1022 1882 qui
1069 1813 1213 1865 haud
1257 1832 1426 1882 pauca
1465 1832 1528 1865 ex
1566 1814 1668 1866 hoe
1704 1813 1822 1866 Fla-

134 1910 293 1962 viano
334 1927 490 1978 opere
538 1909 821 1979 excerpsit,
867 1927 996 1962 usus
1043 1909 1210 1963 fuisse
1255 1909 1465 1961 videtur
1512 1910 1688 1962 codice
1728 1910 1820 1962 ali-

136 2010 338 2074 quanto
377 2006 595 2058 meliore
641 2006 876 2074 itemque
915 2008 1068 2057 vetus
1107 2005 1280 2057 versio
1320 2005 1513 2058 Latina
1551 2006 1822 2059 interdum

134 2100 274 2153 haud
344 2102 544 2154 frustra
606 2101 941 2170 inspicietur,
1008 2102 1321 2169 praesertim
1386 2106 1447 2154 ut
1509 2102 1821 2171 suppleatur

132 2197 322 2249 lacuna
369 2215 504 2266 quae
548 2197 606 2250 in
645 2195 845 2249 Graeco
892 2196 1034 2248 libro
1081 2197 1223 2249 inest
1262 2198 1328 2249 ab
1368 2197 1421 2249 H
1460 2201 1492 2264 ξ
1532 2199 1603 2251 52
1644 2217 1817 2267 usque

135 2293 203 2345 ad
234 2297 266 2360 ἓ
300 2294 419 2347 113.

250 2388 502 2458 Sequitur
541 2391 784 2458 ineptum
816 2389 1131 2458 opuseulum
1164 2389 1226 2441 de
1248 2389 1594 2458 MaccabaeiS,
1625 2391 1683 2442 in
1714 2409 1819 2458 quo

135 2467 559 2554 recognoscendo
609 2486 747 2537 nihil
796 2485 930 2536 mihi
980 2489 1194 2554 praesto
1245 2486 1352 2537 fuit
1402 2488 1614 2554 praeter
1663 2486 1821 2538 eolla-

133 2581 308 2634 tiones
340 2581 837 2651 HavercampianaS.
906 2580 1149 2650 Quinque
1182 2584 1308 2634 sunt
1339 2582 1652 2650 praesertim
1675 2581 1820 2633 Pari-

135 2678 241 2730 sim'
284 2678 435 2747 libri,
480 2678 619 2730 inter
667 2696 800 2747 quos
848 2677 1076 2730 eminere
1121 2667 1369 2730 videntur
1414 2677 1466 2729 A
1512 2681 1565 2730 et
1602 2677 1675 2747 R3
1729 2678 1822 2730 sed

123 2775 288 2842 'pauci
326 2774 480 2826 credo
518 2777 696 2826 totum
731 2773 976 2826 libellum
1012 2774 1310 2843 perlegerit,
1348 2774 1406 2825 in
1444 2792 1550 2842 quo
1581 2792 1648 2826 ne
1678 2774 1817 2826 mica

135 2869 350 2937 quidem
389 2870 514 2922 salis
555 2870 706 2922 inest.

1468 2957 1531 2999 a*
