2032 3128
678 90 887 132 ΛΟΓΟΣ
918 91 1220 132 ΠΕΜΠΤΟΣ
1722 87 1751 140 7
1760 89 1788 140 1

120 224 359 291 πόμενον
408 227 622 291 πλῆθος
668 221 892 292 ἐπέσχεν
940 222 1178 291 ἀθυμία,
1220 221 1614 292 πεπεισμένους
1653 227 1794 293 οἴχε-

122 316 252 363 σθαι
301 318 375 382 τῷ
427 312 546 364 ὄντι
597 308 668 363 δι’
715 310 780 364 ὃν
833 310 1156 379 αὐτομολεῖν
1213 310 1509 380 ἐθάρρουν.
1597 310 1794 379 <544>

120 397 396 452 ἀκούσασα
437 396 487 451 δ’
523 399 555 467 ἡ
595 408 695 452 τοῦ
729 395 995 468 Ἰωσήπου
1034 401 1207 469 μήτηρ
1241 399 1301 453 ἐν
1330 408 1404 471 τῷ
1439 401 1792 472 δεσμωτηρίῳ

118 488 380 540 τεθνάναι
418 489 516 540 τὸν
553 489 698 555 υίόν,
738 489 874 558 πρὸς
904 485 1006 556 μὲν
1036 490 1166 550 τοὺς
1198 489 1446 555 φύλακας
1476 488 1581 541 ἀπὸ
1615 483 1793 541 Ἰωτα-

72 594 94 627 5
116 576 302 628 πάτων
355 573 502 629 τοῦτ’
560 578 665 645 ἔφη
727 582 1022 629 πεπεῖσθαι
1077 574 1193 647 (καὶ
1247 577 1351 645 γὰρ
1407 574 1539 630 οὐδὲ
1595 579 1794 640 ζῶντος

116 662 462 735 ἀπολαύειν),
506 663 686 732 <545>
726 665 841 734 ἰδία
880 662 931 717 δ’
969 663 1352 734 ὀλοφυρομένη
1392 666 1528 733 πρὸς
1564 665 1660 726 τὰς
1697 669 1793 716 θε-

116 753 441 820 ραπαινίδας
478 760 676 805 τοῦτον
717 751 1002 821 εἰληφέναι
1032 760 1127 821 τῆς
1158 752 1436 815 εὐτεκνίας
1475 754 1626 819 ἔλεγε
1664 771 1794 821 καρ-

112 843 247 909 πόν,
301 843 361 894 τὸ
418 839 556 909 μηδὲ
608 840 790 904 θάψαι
843 843 940 894 τὸν
993 841 1120 894 υἱὸν
1173 838 1269 910 ὑφ’
1326 837 1394 893 οὗ
1446 842 1793 909 ταφήσεσθαι

111 930 537 998 προσεδόκησεν.
590 929 771 997 <546>
806 929 945 982 ἀλλὰ
976 930 1080 999 γὰρ
1113 930 1238 982 οὔτε
1270 930 1474 997 ταύτην
1507 926 1594 981 ἐπὶ
1624 926 1793 981 πλέον

46 1036 90 1069 10
115 1016 303 1070 ὠδύνα
348 1020 410 1071 τὸ
458 1018 664 1080 ψεῦδος
711 1018 837 1070 οὔτε
883 1020 1012 1080 τοὺς
1058 1018 1257 1088 λῃστὰς
1302 1019 1528 1070 ἔθαλπε·
1591 1015 1794 1086 ταχέως

111 1106 216 1175 γὰρ
257 1105 316 1159 ἐκ
354 1113 448 1174 τῆς
486 1110 695 1175 πληγῆς
733 1105 1036 1175 ἀνήνεγκεν
1076 1106 1105 1160 ὁ
1139 1104 1428 1175 Ἰώσηπος,
1468 1103 1559 1158 καὶ
1598 1109 1793 1175 προελ-

109 1193 234 1247 θὼν
265 1197 394 1257 τοὺς
424 1191 526 1263 μὲν
558 1195 660 1248 οὐκ
690 1196 769 1257 εἰς
800 1196 1014 1265 μακρὰν
1045 1194 1176 1264 ἐβόα
1210 1197 1365 1257 δίκας
1402 1194 1548 1265 αὐτῷ
1592 1194 1792 1247 δώσειν

108 1289 207 1335 τοῦ
246 1285 578 1353 τραύματος,
616 1285 714 1337 τὸν
755 1280 816 1336 δὲ
856 1285 1034 1352 δῆμον
1073 1284 1240 1336 πάλιν
1280 1281 1367 1336 ἐπὶ
1397 1286 1585 1336 πίστιν
1622 1301 1793 1350 πρου-

106 1375 338 1426 καλεῖτο.
416 1372 597 1440 <547>
651 1372 864 1442 θράσος
904 1369 965 1424 δὲ
1003 1380 1078 1444 τῷ
1118 1375 1231 1442 λαςό
1280 1368 1371 1423 καὶ
1416 1379 1533 1433 τοῖς
1572 1384 1792 1423 στασια-

13 1477 85 1510 -15
109 1469 262 1522 σταῖς
299 1460 553 1530 ἔκπληξις
592 1460 840 1530 ἐμπίπτει
879 1462 1017 1530 πρὸς
1054 1461 1156 1529 τὴν
1196 1461 1327 1524 ὄψιν
1368 1459 1554 1512 αὐτοῦ.

219 1549 400 1618 <548>
438 1558 549 1602 τῶν
590 1547 642 1601 δ’
686 1549 1011 1617 αὐτομόλων
1051 1553 1107 1602 οἳ
1143 1545 1244 1617 μὲν
1283 1543 1372 1600 ὑπ’
1413 1547 1655 1616 ἀνάγκης
1686 1548 1792 1602 ἀπὸ

104 1646 205 1690 τοῦ
250 1640 463 1707 τείχους
509 1637 728 1706 ἐπήδων
774 1636 1002 1707 ταχέως,
1054 1639 1111 1690 οἳ
1155 1634 1216 1689 δὲ
1262 1639 1548 1706 προϊόντες
1595 1638 1669 1700 ὡς
1707 1636 1792 1690 ἐπὶ

11 1738 14 1740 ’
104 1726 248 1797 μάχῃ
304 1727 437 1795 μετὰ
498 1727 817 1796 χερμάδων,
879 1728 1062 1779 ἔπειτα
1123 1727 1261 1796 πρὸς
1322 1728 1450 1788 τοὺς
1497 1723 1795 1794 Ῥωμαίους

105 1816 360 1883 ἔφευγον.
438 1819 728 1869 συνείπετο
785 1811 845 1868 δὲ
899 1816 1116 1877 τούτοις
1168 1815 1304 1884 τύχη
1357 1823 1467 1867 τῶν
1520 1819 1648 1867 εἴσω
1700 1834 1795 1884 χα-

8 1922 82 1954 -20
104 1902 406 1974 λεπωτέρα,
460 1903 550 1957 καὶ
606 1913 706 1958 τοῦ
759 1904 906 1974 παρὰ
958 1906 1115 1973 σφίσι
1165 1907 1330 1972 λιμοῦ
1382 1903 1794 1973 συντονώτερον

104 1992 365 2060 εὕρισκον
418 1994 556 2062 πρὸς
610 1994 851 2063 ὄλεθρον
913 1994 1011 2046 τὸν
1071 1993 1218 2062 παρὰ
1266 1990 1548 2061 Ῥωμαίοις
1608 1993 1793 2062 κόρον.

102 2080 286 2149 <549>
317 2083 720 2151 παρεγίγνοντο
760 2078 862 2150 μὲν
901 2082 1006 2151 γὰρ
1038 2081 1147 2134 ὑπὸ
1178 2087 1274 2150 τῆς
1306 2080 1519 2143 ἐνδείας
1550 2094 1795 2149 πεφυση-

102 2167 261 2236 μένοι
306 2167 398 2221 καὶ
446 2170 628 2240 ὥσπερ
675 2170 1087 2240 ὑδρωπιῶντες,
1134 2167 1299 2223 ἔπειτ’
1346 2169 1569 2240 ἀθρόως
1614 2178 1796 2232 κενοῖς

101 2257 682 2327 ὑπερεμπιμπλάμενοι
734 2269 850 2322 τοῖς
911 2259 1161 2327 σώμασιν
1217 2257 1588 2329 ἐρρήγνυντο,
1649 2259 1795 2326 πλὴν

6 2355 78 2396 ’35
101 2354 212 2398 τῶν
253 2343 325 2398 δι’
364 2345 651 2417 ἐμπειρίαν
688 2346 1141 2416 ταμιευσαμένων
1179 2348 1275 2410 τὰς
1314 2345 1518 2416 ὀρέξεις
1549 2345 1639 2399 καὶ
1671 2344 1786 2398 κατ’

101 2434 294 2503 ὀλίγον
343 2434 711 2505 προσθέντων
760 2437 980 2505 τροφὴν
1029 2433 1406 2509 ἀπειθισμένῳ
1456 2443 1532 2506 τῷ
1586 2436 1794 2504 σώματι

98 2522 307 2592 φέρειν.
384 2522 567 2594 <550>
613 2523 705 2577 καὶ
755 2527 886 2587 τοὺς
935 2525 1079 2578 οὕτω
1136 2521 1197 2577 δὲ
1246 2523 1591 2594 σωζομένους
1638 2522 1795 2593 ἑτέρα

98 2613 280 2680 πληγὴ
328 2613 716 2682 μετελάμβανε.
794 2622 904 2666 τῶν
951 2614 1057 2684 γὰρ
1103 2614 1250 2684 παρὰ
1296 2623 1413 2676 τοῖς
1458 2614 1669 2683 Σύροις
1714 2632 1796 2675 τις

97 2699 424 2773 αὐτομόλων
469 2709 723 2771 φωρᾶται
769 2711 883 2755 τῶν
929 2709 1025 2771 τῆς
1072 2703 1307 2771 γαστρὸς
1353 2701 1613 2770 λυμάτων
1664 2721 1793 2770 χρυ-

28 2804 73 2840 ao
98 2795 232 2851 σοῦς
285 2788 540 2858 ἐκλέγων.
617 2794 978 2854 καταπιόντες
1033 2789 1109 2860 δ’,
1164 2792 1238 2854 ὡς
1291 2793 1531 2860 ἔφαμεν,
1594 2789 1796 2851 αὐτοὺς

94 2884 376 2947 προῇσαν,
417 2878 605 2949 ἐπειδὴ
640 2880 951 2950 διηρεύνων
982 2879 1192 2942 πάντας
1231 2880 1290 2932 οἱ
1325 2880 1664 2946 στασιασταί,
1702 2875 1794 2931 καὶ
