2032 3128
698 90 910 132 ΛΟΓΟΣ
939 92 1240 134 ΠΕΜΠΤΟΣ
1780 93 1814 144 3

134 216 536 292 πολεμοῦντας,
591 222 729 276 ἀλλὰ
777 221 868 276 καὶ
921 227 1160 287 πολλοὺς
1205 234 1316 278 τῶν
1369 222 1812 295 ἱερουργούντων

133 309 339 381 ἀνῄρει.
415 311 561 379 <15>
599 313 792 379 καίπερ
832 312 936 380 γὰρ
975 313 1112 381 πρὸς
1147 320 1329 366 πᾶσαν
1370 314 1627 382 ἀσέβειαν
1666 314 1813 368 ἐκλε-

131 402 475 467 λυττηκότες,
529 398 676 467 ὅμως
723 401 853 462 τοὺς
903 400 1070 471 θύειν
1121 400 1418 464 ἐθέλοντας
1467 388 1810 471 εἰσηφίεσαν,

130 483 255 555 μεθ’
299 487 557 550 ὑποψιῶν
602 483 703 555 μὲν
748 485 840 540 καὶ
879 491 1128 556 φυλακῆς
1171 492 1300 551 τοὺς
1339 489 1664 559 ἐπιχωρίους
1703 492 1812 543 διε-

82 598 105 635 ‚5
130 576 492 644 ρευνώμενοι,
545 577 673 637 τοὺς
720 572 782 627 δὲ
828 574 1021 639 ξένους
1068 575 1416 646 ἀδεέστερον,
1466 581 1524 631 οἳ
1558 577 1648 631 καὶ
1685 577 1812 648 περὶ

128 665 222 726 τὰς
259 665 512 726 εἰσόδους
550 665 975 732 δυσωπήσαντες
1012 664 1195 717 αὐτῶν
1226 668 1327 735 τὴν
1360 667 1608 735 ὠμότητα
1638 684 1811 736 παρα-

127 752 352 820 νάλωμα
405 759 502 821 τῆς
554 752 794 815 στάσεως
847 753 1148 821 ἐγίγνοντο.
1228 756 1374 824 <16>
1425 756 1490 807 τὰ
1545 756 1648 824 γὰρ
1704 754 1810 809 ἀπὸ

126 849 236 893 τῶν
275 840 531 910 ὀργάνων
568 839 700 908 βέλη
742 840 900 911 μέχρι
940 850 1039 895 τοῦ
1077 845 1269 911 βωμοῦ
1307 841 1399 895 καὶ
1437 851 1538 896 τοῦ
1568 843 1677 895 νεὼ
1719 844 1811 895 διὰ

124 931 226 998 τὴν
276 933 405 998 βίαν
453 929 872 998 ὑπερφερόμενα
921 939 1037 992 τοῖς
1080 925 1141 982 θ’
1196 931 1400 1000 ἱερεῦσι
1447 929 1539 984 καὶ
1585 939 1699 993 τοῖς
1739 931 1810 983 ἱε-

59 1040 101 1072 10
125 1025 463 1088 ρουργοῦσιν
496 1016 763 1085 ἐνέπιπτε,
802 1018 947 1086 <17>
977 1016 1068 1071 καὶ
1099 1017 1296 1073 πολλοὶ
1329 1021 1665 1082 σπεύσαντες
1702 1019 1809 1072 ἀπὸ

123 1114 222 1175 γῆς
259 1106 509 1175 περάτων
546 1107 670 1175 περὶ
707 1107 804 1158 τὸν
837 1107 1122 1174 διώνυμον
1159 1105 1252 1160 καὶ
1289 1115 1458 1160 πᾶσιν
1489 1106 1810 1176 ἀνθρώποις

121 1203 304 1264 χῶρον
343 1195 504 1262 ἅγιον
543 1196 649 1264 πρὸ
687 1202 800 1246 τῶν
838 1194 1109 1262 θυμάτων
1141 1196 1338 1248 ἔπεσον
1372 1195 1549 1264 αὐτοί,
1587 1194 1679 1248 καὶ
1711 1198 1809 1249 τὸν

107 1282 334 1351 ΗΕλλησι
387 1290 520 1335 πᾶσι
573 1280 664 1335 καὶ
718 1283 1021 1352 βαρβάροις
1075 1283 1375 1352 σεβάσμιον
1439 1271 1630 1352 βωμὸν
1683 1303 1808 1336 κατ-

122 1371 380 1425 έσπεισαν
422 1372 546 1443 ἰδίῳ
585 1373 757 1444 φόνῳ.
833 1370 978 1438 <18>
1016 1381 1233 1439 νεκροῖς
1273 1368 1322 1423 δ’
1362 1370 1675 1441 ἐπιχωρίοις
1714 1371 1807 1424 άλ-

54 1481 96 1514 15
120 1463 356 1530 λόφυλοι
394 1457 485 1512 καὶ
526 1460 731 1529 ἱερεῦσι
770 1457 996 1527 βέβηλοι
1036 1460 1438 1528 συνεφύροντο,
1476 1458 1568 1512 καὶ
1606 1478 1809 1513 παντο-

121 1550 310 1602 δαπῶν
349 1541 482 1617 αἶμα
520 1547 825 1616 πτωμάτων
867 1546 926 1600 ἐν
958 1555 1075 1610 τοῖς
1103 1550 1283 1610 θείοις
1312 1550 1628 1618 περιβόλοις
1661 1548 1808 1618 ε’λιμ-

118 1638 320 1702 νάζετο.
400 1636 546 1704 <19>
591 1639 649 1688 τί
690 1640 1046 1704 τηλικοῦτον,
1095 1632 1136 1688 ὦ
1183 1637 1590 1706 τλημονεστάτη
1630 1640 1807 1707 πόλις,

116 1724 400 1788 πέπονθας
441 1725 546 1778 ὑπὸ
579 1722 876 1793 Ῥωμαίων,
918 1725 977 1777 οἵ
1013 1738 1115 1777 σου
1153 1726 1219 1777 τὰ
1259 1724 1497 1794 ἐμφύλια
1536 1726 1682 1794 μύση
1714 1743 1809 1778 πε-

117 1820 552 1884 ρικαθαροῦντες
598 1815 878 1882 εἰσῆλθον.
955 1818 1097 1866 θεοῦ
1145 1810 1246 1882 μὲν
1292 1815 1397 1882 γὰρ
1449 1811 1563 1867 οὔτ’
1616 1810 1682 1882 ἧς
1727 1815 1807 1867 ἔτι

12 1924 93 1956 -20
115 1913 293 1973 χῶρος
341 1903 467 1955 οὔτε
514 1900 701 1972 μένειν
749 1900 1016 1970 ἐδύνασο,
1062 1902 1236 1970 τάφος
1276 1904 1498 1955 οἰκείων
1536 1901 1806 1972 γενομένη

117 1992 413 2061 σωμάτων,
458 1989 549 2044 καὶ
595 1989 841 2059 πολέμου
886 1993 985 2044 τὸν
1030 1992 1170 2044 ναὸν
1218 1990 1493 2060 ἐμφυλίου
1531 1993 1807 2058 ποιήσασα

115 2081 516 2151 πολυάνδριον·
564 2081 763 2134 δύναιο
813 2077 866 2132 δ’
910 2079 980 2132 ἂν
1027 2078 1292 2147 γενέσθαι
1336 2080 1506 2133 πάλιν
1544 2078 1806 2148 ἀμείνων,

114 2175 172 2222 εἴ
203 2168 270 2237 γέ
303 2187 434 2223 ποτε
472 2171 571 2222 τὸν
601 2170 964 2237 πορθήσαντα
995 2171 1133 2222 θεὸν
1167 2167 1414 2232 ἐξιλάσει.
1482 2168 1626 2237 <20>
1667 2168 1805 2221 ἀλλὰ

113 2256 415 2311 καθεκτέον
454 2257 559 2326 γὰρ
598 2256 690 2310 καὶ
728 2258 793 2310 τὰ
831 2258 986 2326 πάθη
1025 2264 1100 2329 τῷ
1139 2260 1293 2330 νόμῳ
1331 2264 1428 2326 τῆς
1464 2264 1804 2327 συγγραφῆς,

47 2367 91 2400 25
114 2347 187 2409 ὡς
226 2346 328 2400 οὐκ
367 2347 707 2415 ὀλοφυρμῶν
746 2348 966 2399 οἰκείων
1006 2346 1036 2399 ὁ
1067 2348 1273 2416 καιρός,
1312 2343 1430 2399 ἀλλ’
1470 2344 1805 2415 ἀφηγήσεως

110 2435 461 2505 πραγμάτων.
540 2436 711 2503 δίειμι
751 2432 813 2487 δὲ
852 2435 918 2487 τὰ
958 2433 1079 2503 ἑξῆς
1117 2437 1250 2505 ἔργα
1288 2441 1385 2502 τῆς
1423 2433 1677 2496 στάσεως.

223 2524 369 2592 <21>
415 2531 572 2594 τριχῇ
618 2532 729 2576 τῶν
777 2522 1090 2592 ἐπιβούλων
1137 2529 1233 2591 τῆς
1281 2525 1492 2585 πόλεως
1542 2520 1800 2590 διῃρημέ-

109 2632 248 2681 νων,
297 2613 355 2666 oc
397 2609 500 2681 μὲν
545 2610 672 2682 περὶ
719 2612 818 2664 τὸν
850 2610 1176 2681 Ἐλεάζαρον
1222 2612 1317 2673 τὰς
1366 2611 1513 2680 ἱερὰς
1559 2609 1803 2680 ἀπαρχὰς

110 2701 577 2774 διαφυλάττοντες
615 2701 752 2753 κατὰ
791 2708 893 2754 τοῦ
925 2696 1190 2754 Ἰωάννου
1230 2700 1332 2767 τὴν
1363 2698 1545 2768 μέθην
1578 2701 1802 2768 ἔφερον,

42 2809 85 2842 30
110 2792 168 2842 οἳ
203 2786 264 2842 δὲ
303 2791 409 2842 σὺν
446 2790 623 2862 τούτῳ
656 2789 1048 2859 διαρπάζοντες
1078 2791 1208 2851 τοὺς
1240 2789 1479 2857 δημότας
1510 2787 1800 2856 ἠγείροντο

107 2878 242 2930 κατὰ
287 2884 388 2931 τοῦ
435 2880 715 2948 Σίμωνος·
765 2874 837 2946 ἦν
886 2874 948 2930 δὲ
993 2876 1228 2949 κάκείνῳ
1276 2876 1455 2946 τροφὴ
1502 2876 1638 2929 κατὰ
1689 2884 1800 2928 τῶν

1445 2962 1502 3005 1*
