2032 3128
675 65 886 107 ΛΟΓΟΣ
918 64 1219 105 ΠΕΜΠΤΟΣ
1706 62 1777 114 59

100 207 213 260 τοῖς
250 201 473 266 λῃσταῖς
513 197 612 266 οὐχ
651 196 926 265 ὑπέμενον
964 193 1102 265 ὑπὲρ
1149 196 1333 249 αὐτῶν
1372 199 1779 266 σφαγησόμενα.

99 285 277 353 <449>
314 287 621 355 τολμηροὺς
660 281 722 337 δὲ
759 287 895 355 πρὸς
933 285 1028 347 τὰς
1067 283 1292 348 ἐξόδους
1331 285 1360 339 ὁ
1393 286 1549 354 λιμὸς
1588 283 1780 353 ἐποίει,

98 374 189 426 καὶ
228 375 568 426 κατελείπετο
601 373 674 441 μὴ
708 373 1093 435 λανθάνοντας
1130 375 1259 435 τοὺς
1295 376 1590 442 πολεμίους
1629 372 1782 426 ἁλίσ-

97 466 311 513 κεσθαι.
387 463 794 529 λαμβανόμενοι
827 457 888 514 δὲ
922 458 1040 514 κατ’
1077 459 1324 528 ἀνάγκην
1355 461 1634 529 ἠμύνοντο
1667 460 1780 514 δέει

54 571 77 604 5
98 556 194 617 τῆς
230 549 525 617 κολάσεως,
563 546 654 601 καὶ
693 550 826 617 μετὰ
862 548 1040 619 μάχην
1075 549 1336 602 ἱκετεύειν
1367 550 1551 619 ἄωρον
1587 548 1780 602 ἐδόκει.

97 638 524 706 μαστιγούμενοι
572 637 639 704 δὴ
687 635 779 689 καὶ
823 639 1355 707 προβασανιζόμενοι
1394 645 1493 690 τοῦ
1530 638 1780 691 θανάτου

96 733 278 778 πᾶσαν
332 726 546 792 αἰκίαν,
624 723 1065 794 ἀνεσταυροῦντο
1120 732 1218 777 τοῦ
1272 728 1485 794 τείχους
1514 723 1780 794 ἀντικρύ.

96 814 278 882 <450>
327 816 467 886 Τίτῳ
514 809 615 881 μὲν
663 808 767 865 οὗν
813 814 1035 881 οἰκτρὸν
1082 815 1142 866 τὸ
1186 813 1368 875 πάθος
1406 815 1779 881 κατεφαίνετο,

94 905 470 955 πεντακοσίων
510 899 737 969 ἑκάστης
767 900 990 970 ἡμέρας,
1029 902 1143 954 ἔστι
1176 898 1225 953 δ’
1265 901 1353 954 ὅτε
1386 899 1478 953 καὶ
1508 903 1781 954 πλειόνων

13 986 73 1057 ρῃο
97 988 501 1059 ἁλισκομένων,
565 990 690 1043 οὔτε
747 987 808 1043 δὲ
861 992 991 1052 τοὺς
1044 992 1140 1060 βία
1193 988 1507 1059 ληφθέντας
1560 988 1781 1059 ἀφεῖναι

14 1074 23 1103 ²
95 1077 363 1147 ἀσφαλές,
413 1076 503 1131 καὶ
552 1078 849 1146 φυλάττειν
891 1079 1191 1141 τοσούτους
1230 1079 1486 1149 φρουρὰν
1525 1086 1637 1130 τῶν
1676 1097 1782 1145 φυ-

94 1165 375 1230 λαξόντων
424 1165 589 1235 ἑώρα·
651 1169 714 1220 τό
761 1186 822 1234 γε
870 1167 979 1236 μὴν
1024 1165 1193 1219 πλέον
1235 1166 1336 1220 οὐκ
1376 1165 1607 1234 ἐκώλυε,
1658 1163 1774 1235 τάχ’

93 1253 163 1307 ἂν
217 1254 479 1308 ἐνδοῦναι
533 1256 671 1325 πρὸς
723 1256 825 1324 τὴν
880 1257 1012 1320 ὄψιν
1060 1254 1281 1318 ἐλπίσας
1327 1255 1554 1322 αὐτούς,
1608 1256 1660 1306 εἰ
1708 1255 1780 1323 μὴ

19 1343 23 1355 ²
91 1346 421 1413 παραδοῖεν,
469 1343 633 1412 ὅμοια
678 1342 1054 1412 πεισομένους.
1134 1342 1317 1413 <451>
1363 1345 1685 1412 προσήλουν
1726 1340 1775 1395 δ’

4 1425 70 1490 J15
95 1434 152 1486 oc
187 1442 513 1503 στρατιῶται
562 1431 634 1484 δι’
682 1433 857 1502 ὀργὴν
903 1430 995 1485 καὶ
1042 1442 1201 1501 μῖσος
1246 1434 1375 1494 τοὺς
1416 1430 1651 1495 ἁλόντας
1689 1432 1783 1484 ἄλ-

92 1525 194 1575 λον
240 1522 390 1594 ἄλλῳ
438 1522 672 1591 σχήματι
717 1522 857 1589 πρὸς
901 1522 1130 1590 χλεύην,
1183 1519 1273 1573 καὶ
1322 1521 1415 1573 διὰ
1460 1522 1522 1574 τὸ
1569 1524 1786 1589 πλῆθος

91 1612 242 1679 χώρα
279 1606 325 1663 τ’
374 1608 616 1662 ἐνέλειπε
662 1620 777 1672 τοῖς
824 1619 1082 1680 σταυροῖς
1125 1608 1216 1662 καὶ
1257 1607 1486 1679 σταυροὶ
1525 1618 1640 1671 τοῖς
1680 1610 1783 1662 σώ-

92 1685 276 1767 μασιν.

204 1787 384 1856 <452>
432 1788 491 1840 οί
533 1785 854 1840 στασιασταὶ
903 1784 965 1839 δὲ
1011 1795 1281 1840 τοσοῦτον
1327 1785 1638 1856 ἀπεδέησαν
1683 1794 1783 1840 τοῦ

6 1899 68 1937 ,εο
92 1874 499 1944 μεταβαλέσθαι
552 1877 692 1947 πρὸς
743 1862 804 1929 τὸ
859 1876 1072 1944 πάθος,
1119 1876 1266 1928 ,ὥστε
1312 1873 1403 1928 καὶ
1451 1875 1783 1929 τούναντίον

92 1963 250 2018 αὐτοὶ
291 1967 634 2034 σοφίσασθαι
672 1966 810 2035 πρὸς
848 1966 909 2018 τὸ
950 1965 1147 2018 λοιπὸν
1186 1955 1417 2033 πλῆθος.
1463 1963 1646 2032 <453>
1689 1965 1785 2017 σύ-

92 2072 281 2120 ροντες
313 2054 417 2122 γαρ
450 2056 581 2116 τοὺς
611 2062 724 2107 τῶν
756 2053 1082 2122 αὐτομόλων
1116 2054 1355 2116 οἰκείους
1387 2051 1474 2106 ἐπὶ
1506 2054 1567 2106 τὸ
1609 2061 1786 2123 τεῖχος

90 2140 182 2194 καὶ
228 2150 339 2194 τῶν
388 2143 644 2211 δημοτῶν
691 2144 820 2204 τοὺς
869 2140 957 2194 ε’πὶ
1006 2145 1194 2195 πίστιν
1250 2140 1640 2212 ὡρμημένους,
1696 2134 1786 2195 οἷα

89 2230 399 2299 πάσχουσιν
447 2231 506 2283 οι
539 2228 827 2300 “Ρωμαίοις
873 2231 1320 2300 προσφεύγοντες
1372 2229 1784 2298 ἐπεδείκνυσαν,

28 2342 71 2375 25
93 2316 184 2371 καὶ
216 2321 346 2381 τοὺς
383 2318 761 2389 κρεμαμένους
801 2317 976 2382 ἱκέτας
1007 2306 1219 2388 ἔλεγον,
1259 2319 1361 2372 οὐκ
1393 2320 1785 2390 αἰχμαλώτους.

89 2406 273 2476 <454>
291 2416 454 2461 τοῦτο
477 2410 720 2471 πολλοὺς
743 2418 855 2461 τῶν
879 2408 1210 2476 αὐτομολεῖν
1233 2407 1596 2479 ὡρμημένων,
1627 2406 1787 2478 μέχρι

91 2493 329 2564 τάληθὲς
360 2495 638 2566 ἐγνώσθη,
676 2495 954 2566 κατέσχεν.
994 2495 1102 2550 εἰσὶ
1143 2495 1193 2550 δ’
1232 2500 1292 2551 οἳ
1325 2495 1418 2550 καὶ
1457 2503 1788 2567 παραχρῆμα

91 2583 391 2654 διέδρασαν
431 2585 507 2648 ὡς
546 2583 634 2639 ἐπὶ
673 2585 904 2654 βέβαιον
942 2589 1232 2655 τιμωρίαν,
1272 2584 1587 2639 ἀνάπαυσιν
1626 2586 1789 2654 ἡγού-

89 2694 247 2742 μενοι
278 2676 377 2728 τὸν
401 2673 462 2728 ἐκ
484 2684 596 2728 τῶν
620 2678 900 2743 πολεμίων
924 2675 1175 2728 θάνατον
1208 2674 1268 2728 ἐν
1294 2679 1460 2744 λιμοῦ
1486 2677 1788 2742 συγκρίσει.

13 2782 67 2818 ¹³0
91 2761 274 2831 <455>
324 2765 567 2826 πολλοὺς
617 2760 680 2816 δὲ
728 2761 820 2816 καὶ
870 2770 1262 2834 χειροκοπῆσαι
1311 2764 1574 2826 κελεύσας
1629 2764 1790 2825 Τίτος

89 2861 199 2904 τῶν
241 2849 583 2922 ἑαλωκότων,
624 2853 698 2915 ὡς
736 2853 810 2922 μὴ
854 2853 1072 2906 δοκοῖεν
1113 2852 1414 2922 αὐτόμολοι
1447 2849 1537 2904 καὶ
1569 2852 1790 2905 πιστεύ-
