2032 3128
717 120 927 161 ΛΟΓΟΣ
958 119 1278 161 ΔΕΥΤΕΡΟΣ
1730 114 1836 167 267

153 259 375 318 τοῦτον,
432 250 570 304 ἀλλὰ
624 253 868 320 γνώμαις
913 251 1189 321 ἀορίστοις
1234 253 1298 304 τά
1348 253 1535 320 πλήθη
1587 253 1837 322 διῳκεῖτο

153 338 244 391 καὶ
297 339 675 410 προστάγμασι
730 349 841 393 τῶν
894 338 1182 409 βασιλέων.
1275 337 1366 409 ἀφ’
1413 336 1480 393 οὗ
1534 337 1625 392 καὶ
1679 337 1836 409 μέχρι

151 431 361 480 πολλοῦ
432 425 713 495 διέμειναν
775 429 966 480 ἔθεσιν
1035 426 1306 497 ἀγράφοις
1373 428 1676 498 χρώμενοι,
1745 426 1835 480 καὶ

149 515 325 567 πολλοὶ
362 516 575 569 τούτων
615 514 698 568 ἀεὶ
737 518 874 585 πρὸς
914 518 974 568 τὸ
1016 515 1397 585 συντυγχάνον
1436 514 1835 584 μετατιθέντες.

101 627 121 656 5
148 603 331 672 (156)
372 604 400 657 ὁ
442 601 503 656 δὲ
541 602 800 674 ἡμέτερος
844 602 1155 673 νομοθέτης
1194 603 1548 673 ἀρχαιότατος
1595 604 1837 671 γεγονὼς

150 688 336 761 (τοῦτο
374 693 476 760 γὰρ
510 693 797 761 δήπουθεν
830 692 1176 761 ὁμολογεῖται
1207 691 1298 745 καὶ
1328 693 1476 760 παρὰ
1506 702 1622 754 τοῖς
1659 693 1835 745 πάντα

148 776 276 831 καθ’
316 778 471 847 ἡμῶν
510 778 792 850 λέγουσιν)
827 779 1021 832 ἑαυτόν
1061 799 1116 831 τε
1156 778 1428 849 παρέσχεν
1462 781 1690 848 ἄριστον
1721 788 1837 842 τοῖς

147 869 421 935 πλήθεσιν
459 866 704 935 ἡγεμόνα
743 866 831 920 καὶ
874 869 1209 935 σύμβουλον,
1255 870 1357 936 τήν
1396 887 1452 920 τε
1492 870 1835 937 κατασκευὴν

147 955 332 1017 αὐτοῖς
363 955 498 1023 ὅλην
529 964 628 1008 τοῦ
658 958 787 1022 βίου
819 963 893 1026 τςό
929 958 1081 1028 νόμω
1115 956 1429 1025 περιλαβὼν
1454 958 1633 1009 ἔπεισε
1661 974 1835 1026 παρα-

80 1068 121 1099 10
147 1041 411 1106 δέξασθαι
473 1042 562 1095 καὶ
616 1044 977 1112 βεβαιοτάτην
1030 1042 1200 1097 εἰσαεὶ
1255 1048 1611 1114 φυλαχθῆναι
1671 1062 1835 1113 παρε-

144 1132 426 1184 σκεύασεν.

252 1220 450 1288 <157>
499 1222 703 1289 ἴδωμεν
758 1218 819 1274 δὲ
873 1230 983 1274 τῶν
1038 1223 1215 1291 ἔργων
1271 1221 1443 1275 αὐτοῦ
1495 1222 1557 1274 τὸ
1612 1230 1832 1290 πρῶτον

141 1313 449 1377 μεγαλεῖον.
505 1309 713 1372 ἐκεῖνος
751 1310 856 1380 γάρ
892 1312 1020 1373 τοὺς
1058 1313 1370 1379 προγόνους
1399 1309 1572 1378 ἡμῶν,
1612 1308 1831 1376 ἐπείπερ

141 1398 329 1462 ἔδοξεν
377 1398 567 1460 αὐτοῖς
611 1399 712 1466 τὴν
753 1403 1040 1466 Αἴγυπτον
1089 1397 1409 1451 ἐκλιποῦσιν
1449 1396 1538 1451 ε’πὶ
1583 1399 1685 1466 τὴν
1732 1398 1834 1450 πά-

76 1510 117 1543 15
141 1506 298 1555 τριον
338 1493 443 1554 γῆν
475 1484 775 1554 ἐπανιέναι,
815 1488 1021 1550 πολλὰς
1058 1487 1154 1549 τὰς
1193 1487 1464 1555 μυριάδας
1494 1487 1831 1556 παραλαβὼν

141 1573 200 1627 ἐκ
239 1578 462 1628 πολλῶν
499 1572 590 1626 καὶ
622 1574 919 1644 ἀμηχάνων
961 1573 1224 1628 διέσωσεν
1264 1577 1342 1637 εἰς
1373 1575 1699 1644 ἀσφάλειαν·
1740 1573 1832 1627 καὶ

138 1663 243 1733 γὰρ
275 1664 375 1731 τὴν
407 1664 656 1731 ἄνυδρον
689 1664 890 1727 αὐτοὺς
928 1662 1019 1716 καὶ
1050 1664 1262 1731 πολλὴν
1300 1663 1528 1732 ψάμμον
1567 1665 1679 1716 ἔδει
1716 1663 1832 1716 διο-

139 1753 488 1820 δοιπορῆσαι,
526 1749 618 1804 καὶ
657 1759 880 1820 νικῆσαι
919 1755 1234 1821 πολεμίους,
1274 1750 1364 1804 καὶ
1402 1750 1567 1804 τέκνα
1604 1750 1696 1804 καὶ
1736 1772 1832 1819 γυ-

10 1913 14 1915 .
136 1849 329 1903 ναῖκας
369 1837 461 1892 καὶ
501 1842 657 1893 λείαν
696 1840 838 1909 ὁμοῦ
878 1841 1070 1905 σώζειν
1110 1839 1470 1910 μαχομένους.
1547 1840 1729 1909 <158>
1770 1840 1830 1893 ἐν

71 1955 114 1987 20
140 1921 222 1992 οἷς
259 1930 430 1982 ἅπασι
467 1927 559 1988 καὶ
599 1931 899 1999 στρατηγὸς
937 1931 1160 1999 ἄριστος
1190 1928 1415 1998 ’ἐγένετο
1455 1927 1546 1981 καὶ
1586 1929 1831 1998 σύμβου-

138 2021 232 2080 λος
287 2018 659 2080 συνετώτατος
710 2016 801 2070 καὶ
841 2019 1078 2079 ,πάντων
1132 2019 1388 2087 κηδεμὼν
1442 2017 1830 2086 ἀληθέστατος.

137 2108 282 2159 ἅπαν
346 2103 406 2158 δὲ
461 2109 521 2160 τὸ
579 2111 796 2175 πλῆθος
857 2109 936 2170 εἰς
998 2105 1194 2160 ἑαυτὸν
1256 2106 1604 2176 ἀνηρτῆσθαι
1664 2125 1830 2177 παρε-

137 2195 395 2264 σκεύασε,
449 2193 539 2247 καὶ
594 2194 719 2263 περὶ
772 2198 976 2258 παντὸς
1031 2197 1171 2265 ἔχων
1222 2194 1550 2258 πεισθέντας
1605 2195 1831 2266 [αὐτοὺς

134 2290 235 2337 τοῦ
280 2282 700 2353 κελευσθέντος]
713 2324 728 2352 ,
774 2285 854 2346 εἰς
900 2284 1167 2353 οὐδεμίαν
1206 2286 1416 2338 οἰκείαν
1456 2286 1615 2353 ἔλαβε
1658 2291 1828 2336 ταῦτα

66 2398 109 2430 25
132 2371 475 2440 πλεονεξίαν,
531 2369 650 2425 ἀλλ’
694 2372 755 2425 ἐν
804 2367 846 2444 ᾧ
895 2373 1129 2441 μάλιστα
1173 2380 1274 2426 τοῦ
1321 2381 1518 2443 καιροῦ
1566 2373 1829 2441 δυνάμεις

134 2458 235 2528 μὲν
275 2461 464 2524 αὑτοῖς
502 2461 929 2531 περιβάλλονται
968 2459 1058 2514 καὶ
1097 2462 1432 2532 τυραννίδας
1470 2461 1528 2513 οί
1561 2474 1827 2531 προεστη-

133 2552 305 2619 κότες,
345 2549 594 2614 ἐθίζουσι
627 2546 687 2602 δὲ
719 2550 784 2602 τά
816 2551 1002 2619 πλήθη
1043 2550 1177 2618 μετὰ
1208 2554 1414 2618 πολλῆς
1448 2549 1680 2618 ἀνομίας
1713 2552 1827 2617 ζῆν,

132 2638 314 2706 <159>
349 2638 409 2691 ἐν
439 2638 617 2711 τούτῳ
649 2645 744 2706 τῆς
783 2636 1033 2701 ἐξουσίας
1072 2638 1279 2701 ἐκεῖνος
1316 2638 1671 2705 καθεστηκὼς
1701 2637 1827 2691 τού-

119 2730 361 2780 ναντίον
400 2724 560 2799 ςόήθη
610 2727 729 2780 δεῖν
769 2726 1018 2795 εὐσεβεῖν
1057 2725 1147 2780 καὶ
1186 2729 1400 2796 πολλὴν
1447 2727 1675 2780 εὔνοιαν
1713 2735 1828 2789 τοῖς

65 2841 109 2873 30
135 2819 287 2878 λαοῖς
335 2815 727 2885 ἐμπαρασχεῖν,
785 2815 959 2878 οὕτως
1013 2815 1177 2879 αὐτός
1229 2835 1286 2869 τε
1332 2816 1398 2868 τὰ
1445 2816 1680 2885 μάλιστα
1724 2816 1825 2884 τὴν

126 2902 327 2973 ἀρετὴν
376 2903 670 2968 ἐπιδείξειν
717 2905 819 2973 τὴν
867 2904 1039 2958 αὑτοῦ
1085 2907 1352 2974 νομίζων,
1405 2903 1494 2957 καὶ
1549 2906 1826 2973 σωτηρίαν

1867 1235 1921 1273 16
