2032 3128
675 124 884 165 ΛΟΓΟΣ
916 123 1218 165 ΠΕΜΠΤΟΣ
1715 121 1784 171 27

0 296 1 342 1
108 266 387 325 γυναικῶν
437 258 870 325 διατειχίσματος
916 255 1149 325 ἀνῆγον·
1204 266 1315 310 τῶν
1363 257 1466 326 γὰρ
1513 256 1647 308 κατὰ
1694 256 1788 318 τὰς

0 347 1 371 ¹
109 347 274 407 ἄλλας
311 344 471 398 πέντε
510 347 747 413 βαθμῶν
785 340 927 413 ἦσαν
967 345 1306 414 βραχύτεροι.

216 434 396 503 <207>
443 433 607 495 αὐτὸς
654 430 703 485 δ’
742 432 771 486 ὁ
818 434 949 494 ναὸς
1004 433 1139 484 κατὰ
1192 431 1361 500 μέσον
1407 435 1678 502 κείμενος,
1725 435 1787 486 τὸ
1819 450 1847 488 4

106 523 267 589 ἅγιον
316 523 491 592 ἱερόν,
548 521 761 574 δώδεκα
815 524 1056 589 βαθμοῖς
1108 515 1178 588 ἦν
1226 519 1508 588 ἀναβατός.
1585 520 1677 574 καὶ
1726 522 1787 574 τὸ

63 632 84 664 5
107 607 209 679 μὲν
246 611 380 662 κατὰ
425 611 723 679 πρόσωπον
760 609 902 674 ὕψος
939 628 996 661 τε
1042 607 1134 661 καὶ
1181 605 1344 677 εὖρος
1384 615 1506 662 ἴσον
1546 609 1651 663 ἀνὰ
1689 612 1789 678 πή-

105 718 218 767 χεις
257 696 467 766 εκατόν,
513 699 743 750 κατόπιν
777 694 838 750 δε
876 716 1272 767 τετταρακοντα
1298 699 1504 804 πήχεσι
1545 700 1787 751 στενότε-

106 803 224 857 ρος·
273 789 588 856 ἔμπροσθεν
626 786 731 854 γὰρ
772 786 953 853 ὥσπερ
995 781 1135 854 ὦμοι
1179 784 1311 855 παρ’
1350 784 1608 856 ἑκάτερον
1648 787 1789 839 εἰκο-

104 876 349 944 σιπήχεις
397 872 693 942 διέβαινον.
771 873 951 943 <208>
996 873 1030 942 ἡ
1077 875 1262 942 πρώτη
1313 872 1364 926 δ’
1405 874 1576 927 αὐτοῦ
1625 875 1790 943 πύλη,

102 965 322 1034 πήχεων
368 961 744 1032 ἑβδομήκοντα
790 965 852 1016 τὸ
899 962 1040 1026 ὕψος
1087 958 1226 1015 οὗσα
1271 961 1362 1015 καὶ
1409 959 1568 1031 εὖρος
1615 967 1790 1016 εἴκοσι

38 1074 79 1105 10
103 1050 193 1104 καὶ
231 1051 416 1120 πέντε,
455 1052 636 1121 θύρας
674 1051 775 1104 οὐκ
813 1047 952 1121 εἶχε·
991 1059 1090 1104 τοῦ
1131 1052 1234 1120 γὰρ
1276 1051 1521 1121 οὐρανοῦ
1559 1053 1620 1104 τὸ
1662 1050 1789 1121 ἀχα-

102 1137 193 1203 νὲς
237 1139 329 1193 καὶ
375 1140 757 1193 ἀδιάκλειστον
798 1139 1077 1209 ἐνέφαινε·
1129 1141 1439 1210 κεχρύσωτο
1480 1137 1542 1193 δὲ
1587 1141 1653 1192 τὰ
1700 1139 1790 1208 μέ-

101 1248 252 1282 τωπα
290 1229 486 1297 πάντα,
528 1227 619 1281 καὶ
659 1226 732 1281 δι’
766 1228 933 1297 αὐτῆς
972 1229 1002 1281 ὅ
1041 1248 1098 1281 τε
1136 1237 1350 1298 πρῶτος
1389 1225 1538 1291 οἶκος
1577 1231 1790 1281 ἔσωθεν

102 1319 241 1380 ἅπας
278 1320 655 1386 κατεφαίνετο,
695 1315 951 1386 μέγιστος
993 1318 1088 1385 ὥν,
1129 1315 1220 1370 καὶ
1258 1318 1325 1370 τὰ
1362 1315 1487 1387 περὶ
1526 1318 1626 1386 τὴν
1658 1323 1788 1370 εἴσω

100 1407 282 1474 πύλην
313 1406 491 1459 πάντα
524 1408 844 1475 λαμπόμενα
875 1413 1061 1478 χρυσῷ
1094 1414 1208 1468 τοῖς
1240 1406 1446 1473 ὁρῶσιν
1474 1404 1789 1459 ὑπέπιπτεν.

36 1515 76 1548 15
99 1495 279 1564 <209>
333 1503 434 1548 τοῦ
489 1491 550 1547 δὲ
603 1502 743 1547 ναοῦ
798 1496 957 1557 ὄντος
1011 1500 1140 1547 εἴσω
1198 1493 1480 1564 διστέγου,
1538 1496 1706 1564 μόνος
1761 1494 1789 1548 ὁ

99 1593 312 1652 πρῶτος
358 1579 508 1646 οἶκος
561 1584 881 1653 προύκειτο,
933 1581 1023 1636 καὶ
1082 1581 1330 1652 διηνεκὲς
1384 1585 1463 1646 εἰς
1511 1584 1573 1636 τὸ
1630 1583 1791 1652 ὕψος,

99 1671 521 1740 ἀνατεινόμενος
556 1669 658 1741 μὲν
690 1670 772 1725 ἐπ’
801 1671 1131 1739 ἐνενήκοντα
1162 1673 1369 1742 πήχεις,
1411 1674 1792 1741 μηκυνόμενος

99 1758 151 1813 δ’
185 1759 274 1814 ἐπὶ
320 1762 662 1829 πεντήκοντα
707 1758 799 1813 καὶ
845 1762 1151 1830 διαβαίνων
1192 1759 1278 1813 ἐπ’
1310 1766 1534 1814 εἴκοσιν.
1611 1761 1791 1829 <210>

97 1849 130 1918 ἡ
179 1846 240 1902 δὲ
288 1850 380 1902 διὰ
426 1856 527 1902 τοῦ
575 1854 730 1902 οἴκου
785 1850 929 1918 πύλη
985 1850 1296 1919 κεχρύσωτο
1345 1848 1464 1918 μέν,
1513 1850 1586 1912 ὡς
1631 1852 1792 1920 ἔφην,

13 1936 74 1993 ’20
98 1945 270 2006 πᾶσα,
316 1936 409 1991 καὶ
448 1937 576 2001 ὅλος
615 1938 644 1992 ὁ
684 1937 808 2008 περὶ
847 1937 1023 2007 αὐτὴν
1061 1947 1267 2008 τοῖχος,
1314 1934 1425 2007 εἶχε
1465 1935 1528 1991 δὲ
1567 1937 1658 1991 καὶ
1697 1939 1792 2001 τὰς

98 2034 304 2096 χρυσᾶς
342 2024 480 2096 ὑπὲρ
521 2027 689 2096 αὐτῆς
728 2025 1031 2096 ἀμπέλους,
1074 2025 1167 2096 ἀφ’
1201 2022 1280 2080 ὧν
1320 2029 1551 2097 βότρυες
1591 2028 1791 2096 ἀνδρο-

98 2117 286 2184 μήκεις
334 2114 749 2186 κατεκρέμαντο.
827 2116 1008 2184 <211>
1056 2117 1215 2178 ὄντος
1262 2114 1313 2168 δ’
1349 2117 1456 2184 ἤδη
1505 2124 1605 2170 τοῦ
1650 2126 1791 2171 ναοῦ

99 2203 356 2272 διστέγου
402 2203 760 2273 ταπεινοτέρα
805 2212 901 2273 τῆς
946 2204 1156 2269 ἔξωθεν
1196 2207 1374 2269 ὄψεως
1419 2205 1453 2273 ἡ
1497 2207 1664 2258 ἔνδον
1702 2202 1790 2274 ἦν,

97 2291 187 2345 καὶ
241 2293 423 2362 θύρας
476 2289 586 2362 εἶχε
640 2300 848 2363 χρυσᾶς
899 2293 1403 2362 πεντηκονταπέντε
1458 2296 1678 2364 πήχεων
1730 2297 1791 2348 τὸ

31 2406 74 2438 25
97 2381 257 2449 ὕψος,
296 2377 461 2451 εὖρος
500 2380 552 2434 δ’
588 2379 887 2434 ἑκκαίδεκα.
957 2382 1138 2451 <212>
1175 2385 1282 2454 πρὸ
1324 2380 1385 2436 δὲ
1423 2384 1637 2436 τούτων
1679 2385 1791 2436 ἰσό-

97 2489 262 2538 μηκες
299 2468 684 2539 καταπέτασμα
722 2469 927 2534 πέπλος
969 2468 1040 2540 ἦν
1079 2473 1466 2541 Βαβυλώνιος,
1512 2474 1792 2535 ποικιλτὸς

98 2557 151 2622 ἐξ
207 2558 485 2612 ὑακίνθου
539 2557 631 2612 καὶ
685 2560 899 2629 βύσσου
960 2563 1163 2613 κόκκου
1219 2580 1276 2613 τε
1332 2559 1422 2613 καὶ
1483 2561 1791 2630 πορφύρας,

95 2652 432 2716 θαυμαστῶς
478 2644 581 2716 μὲν
627 2647 1014 2717 εἰργασμένος,
1070 2649 1172 2702 οὐκ
1219 2648 1543 2719 ἀθεώρητον
1591 2647 1652 2701 δὲ
1699 2657 1794 2718 τῆς

97 2736 233 2804 ὕλης
270 2737 373 2805 τὴν
412 2743 612 2807 κρᾶσιν
652 2739 813 2807 ἔχων,
860 2734 978 2790 ἀλλ’
1017 2738 1199 2808 ὥσπερ
1247 2740 1435 2791 εἰκόνα
1478 2747 1590 2790 τῶν
1630 2738 1792 2790 ὅλων.

31 2851 74 2882 30
98 2824 279 2893 <213>
319 2824 499 2878 ἐδόκει
545 2826 650 2896 γὰρ
691 2827 1037 2879 αἰνίττεσθαι
1074 2834 1138 2895 τῇ
1187 2828 1366 2898 κόκκῳ
1414 2823 1517 2895 μὲν
1554 2827 1617 2879 τὸ
1660 2834 1792 2895 πῦρ,

95 2920 160 2983 τῇ
208 2915 399 2986 βύσσῳ
449 2911 510 2967 δὲ
557 2916 659 2983 τὴν
707 2922 833 2984 γῆν,
879 2923 943 2985 τῇ
993 2913 1042 2968 δ’
1081 2917 1335 2987 ὑακίνθῳ
1383 2917 1481 2968 τὸν
1520 2913 1654 2983 ἀέρα
1700 2913 1794 2967 καὶ
