2032 3128
237 100 340 151 132
661 101 787 142 TOT
816 100 1157 143 IOTAAIKOT
1187 100 1496 142 ΠΟΛΕΜΟΥ

231 238 349 286 λειν
387 235 482 296 τὰς
529 233 723 303 ἀρετὰς
767 241 931 301 τιμᾶν
969 242 1080 286 τῶν
1120 231 1644 302 συστρατευομένων
1683 233 1715 302 ἢ
1755 233 1916 286 κολά-

232 324 343 385 ζειν
381 324 511 383 τοὺς
550 321 976 390 ἁμαρτάνοντας.

344 409 488 476 <13>
543 408 754 471 εὐθέως
815 405 918 462 οὖν
973 407 1260 462 ἐκέλευσεν
1313 407 1750 476 ἀναγιγνώσκειν
1803 416 1919 469 τοῖς

231 494 318 548 ἐπὶ
365 497 541 567 τούτῳ
589 494 939 563 τεταγμένοις
986 497 1106 548 ὅσοι
1155 516 1207 546 τι
1254 497 1507 566 λαμπρὸν
1554 492 1698 564 ἦσαν
1745 495 1805 547 ἐν
1843 501 1918 566 τῷ

229 581 450 655 πολέμῳ
498 585 941 651 κατωρθωκότες.
1018 582 1164 650 <14>
1210 580 1301 634 καὶ
1355 580 1472 636 κατ’
1515 585 1690 651 ὄνομα
1737 586 1920 635 καλῶν
1966 579 2008 636 5”

231 669 421 742 ἐπῄνει
459 690 516 723 τε
555 673 854 739 παριόντας
887 670 959 732 ὡς
999 669 1069 722 ἂν
1100 670 1679 739 ὑπερευφραινόμενός
1713 690 1796 733 τις
1828 667 1914 722 ἐπ’

232 761 457 822 οἰκείοις
486 759 902 827 κατορθώμασι,
933 756 1025 810 καὶ
1058 758 1366 826 στεφάνους
1394 758 1634 811 ἐπετίθει
1665 766 1924 828 χρυσοῦς,

231 845 586 917 περιαυχένιά
631 858 704 899 τε
744 854 921 915 χρυσᾶ
968 844 1060 898 καὶ
1110 846 1315 913 δόρατα
1369 848 1549 915 μακρὰ
1602 853 1780 915 χρυσᾶ
1834 844 1925 897 καὶ

233 939 466 1006 σημαίας
521 934 711 988 ἐδίδου
766 932 1136 1003 πεποιημένας
1191 932 1245 997 ἐξ
1303 933 1579 1004 ἀργύρου,
1635 932 1781 1001 <15>
1835 930 1925 985 καὶ
2000 979 2004 983 ,γ

232 1026 333 1091 τὴν
374 1022 605 1077 ἑκάστου
645 1021 800 1086 τάξιν
838 1024 1104 1090 ἤλλαττεν
1143 1023 1222 1084 εἰς
1258 1023 1320 1074 τὸ
1367 1031 1632 1090 κρεῖττον.
1703 1021 1770 1075 οὐ
1817 1021 1925 1090 μὴν
1952 1044 1994 1075 10

234 1112 372 1166 ἀλλά
411 1111 513 1164 κάκ
555 1120 667 1163 τῶν
706 1112 976 1180 λαφύρων
1015 1111 1265 1178 ἄργυρον
1303 1108 1394 1162 καὶ
1440 1111 1650 1179 χρυσὸν
1690 1109 1928 1177 ἐσθῆτάς

234 1220 290 1254 τε
352 1199 443 1254 καὶ
504 1207 598 1267 τῆς
660 1200 828 1266 ἄλλης
889 1198 1077 1260 αὐτοῖς
1139 1202 1287 1260 λείας
1349 1199 1596 1262 δαψιλῶς
1658 1196 1935 1266 ἀπένειμε

236 1290 381 1358 <16>
434 1288 658 1341 πάντων
715 1285 776 1339 δὲ
833 1285 1209 1356 τετιμημένων
1263 1286 1410 1349 ὅπως
1472 1287 1638 1350 αὐτὸς
1699 1285 1930 1339 ἕκαστον
2003 1327 2023 1334 .,

235 1376 460 1446 ἠξίωσε,
515 1383 579 1445 τῇ
630 1375 889 1445 συμπάσῃ
938 1382 1164 1445 στρατιᾷ
1218 1375 1590 1443 ποιησάμενος
1634 1375 1796 1444 εὐχὰς
1844 1372 1931 1427 ἐπὶ

234 1468 411 1534 πολλῇ
458 1462 782 1534 κατέβαινεν
830 1463 1098 1535 εὐφημίᾳ,
1146 1463 1406 1533 τρέπεταί
1445 1482 1502 1516 τε
1548 1464 1685 1532 πρὸς
1729 1466 1934 1525 θυσίας
1959 1484 1999 1517 15

238 1553 564 1621 ἐπινικίους,
627 1550 718 1605 καὶ
780 1557 993 1606 πολλοῦ
1047 1555 1197 1621 βοῶν
1250 1554 1506 1620 πλήθους
1558 1561 1673 1614 τοῖς
1726 1555 1933 1620 βωμοῖς
1996 1616 1999 1618 v

235 1644 639 1711 παρεστηκότος
694 1642 1015 1703 καταθύσας
1069 1642 1314 1703 ἅπαντας
1367 1649 1432 1710 τῇ
1481 1647 1709 1712 στρατιᾷ
1756 1640 1934 1693 διαδί-

238 1730 411 1783 δωσιν
445 1732 522 1793 εἰς
562 1730 815 1799 εὐωχιᾝαν
878 1730 1023 1798 <17>
1065 1730 1232 1792 αὐτὸς
1271 1726 1332 1782 δε
1371 1738 1486 1792 τοῖς
1526 1728 1586 1781 ἐν
1615 1727 1759 1781 τέλει
1789 1738 1936 1797 τρεῖς

237 1817 441 1887 ημέρας
480 1818 870 1888 συνεορτάσας,
908 1819 1010 1886 τὴν
1050 1837 1152 1886 μεν
1192 1819 1368 1886 άλλην
1409 1818 1675 1887 στρατιὰν
1715 1819 1935 1887 διαφίη-

240 1920 349 1976 σιν,
396 1901 430 1977 ᾗ
478 1910 656 1969 καλῶς
704 1902 849 1976 εἶχεν
898 1904 1159 1968 εκάστους
1202 1905 1454 1974 ἀπιέναι,
1501 1914 1575 1978 τῷ
1626 1905 1834 1959 δεκάτω
1877 1903 1936 1958 δε
1962 1928 2025 1959 κοἸ

238 1995 470 2063 τάγματι
531 1995 632 2063 τὴν
693 2003 805 2047 τῶν
861 1992 1264 2063 Ἱεροσολύμων
1327 1994 1588 2064 ἐπέτρεψε
1659 1996 1937 2063 φυλακην,

241 2078 422 2136 οὐκέτ’
463 2083 666 2154 αὐτοὺς
723 2081 811 2136 ε’πὶ
872 2085 971 2136 τὸν
1027 2082 1332 2153 Εὐφράτην
1387 2082 1735 2151 ἀποστείλας,
1797 2085 1938 2135 ἔνθα

239 2174 511 2241 πρότερον
550 2167 706 2239 ἦσαν.
783 2172 930 2241 <18>
970 2170 1316 2241 μεμνημένος
1365 2169 1426 2225 δὲ
1473 2180 1573 2224 τοῦ
1621 2172 1937 2225 δωδεκάτου
2010 2225 2020 2238 ,

241 2260 512 2328 τάγματος
566 2260 651 2313 ὅτι
706 2263 943 2314 Κεστίου
999 2269 1439 2328 στρατηγοῦντος
1494 2259 1771 2314 ἐνέδωκαν
1824 2269 1940 2321 τοῖς

236 2344 545 2417 Ἰουδαίοις,
583 2357 679 2418 τῆς
719 2346 820 2417 μὲν
855 2351 1068 2420 Συρίας
1106 2348 1240 2403 αὐτὸ
1279 2350 1631 2402 παντάπασιν
1673 2348 1938 2417 ἐξήλασεν
1965 2369 2006 2402 25

243 2433 337 2507 (ἧν
377 2437 482 2507 γὰρ
522 2439 583 2490 τὸ
624 2438 860 2490 παλαιὸν
894 2437 954 2490 ἐν
979 2435 1377 2509 Ῥαφαναίαις),
1416 2440 1495 2500 εἰς
1526 2435 1587 2490 δὲ
1627 2439 1729 2506 τὴν
1761 2441 1938 2490 Μελι-
1986 2482 1988 2485 ,

241 2525 414 2593 τηνὴν
452 2524 801 2594 καλουμένην
841 2524 1138 2579 ἀπέστειλε.
1214 2528 1362 2597 παρὰ
1402 2527 1499 2579 τὸν
1533 2526 1838 2595 Εὐφράτην
1878 2525 1938 2578 ἐν

243 2617 529 2682 μεθορίοις
565 2621 663 2682 τῆς
693 2609 979 2683 Ἀρμενίας
1019 2614 1131 2668 ἐστὶ
1171 2614 1262 2668 καὶ
1303 2616 1717 2676 Καππαδοκίας.
1795 2615 1940 2682 <19>

244 2702 347 2755 δύο
388 2700 437 2754 δ’
468 2702 703 2770 ἠξίωσεν
735 2703 882 2774 αὐτῷ
922 2702 1080 2774 μέχρι
1119 2711 1213 2772 τῆς
1251 2706 1330 2766 εἰς
1361 2708 1650 2772 Αἴγυπτον
1686 2703 1941 2772 ἀφίξεως,

241 2792 302 2843 τὸ
334 2788 584 2860 πέμπτον
615 2790 707 2845 καὶ
738 2793 800 2844 τὸ
833 2791 1342 2861 πεντεκαιδέκατον,
1379 2791 1736 2862 παραμένειν.
1798 2792 1940 2859 <2Ο>
1967 2812 2032 2844 30»

241 2877 333 2931 καὶ
371 2881 610 2948 καταβὰς
648 2881 759 2949 ἅμα
798 2887 873 2952 τῷ
915 2888 1126 2953 στρατῷ
1167 2883 1305 2951 πρὸς
1334 2882 1437 2949 τὴν
1471 2877 1557 2933 ἐπὶ
1590 2889 1654 2950 τῇ
1695 2881 1942 2950 θαλάττῃ
