2032 3128
747 108 954 150 ΛΟΓΟΣ
984 110 1184 151 ΕΚΤοΣ
1691 106 1795 159 105

120 239 290 293 αὐτοῦ
337 238 612 308 μένοντος.
688 241 871 310 <242>
908 246 1250 311 θαρροῦντες
1297 238 1347 294 δ’
1392 243 1497 310 ἤδη
1548 243 1798 310 προσετί-

117 333 284 381 θεντο
336 335 399 397 τῇ
462 330 652 400 γνώμῃ
712 332 977 399 Φρόντων
1031 348 1088 382 τε
1146 327 1239 382 καὶ
1294 327 1648 399 Ἀλέξανδρος
1708 327 1798 382 καὶ

118 416 428 486 Κερεάλιος.
505 416 708 486 <243>
770 420 891 471 τότε
953 414 1053 486 μὲν
1116 413 1218 481 οὖν
1282 418 1495 470 διαλύει
1550 419 1612 470 τὸ
1669 430 1798 470 συν-

118 503 324 573 έδριον,
363 503 455 557 καὶ
493 506 588 567 τὰς
626 506 793 568 ἄλλας
832 505 1093 574 δυνάμεις
1133 506 1502 558 διαναπαῦσαι
1541 505 1800 567 κελεύσας

72 613 93 645 5
117 601 231 654 τοῖς
289 591 585 660 ἡγεμόσιν,
646 592 793 655 ὅπως
852 591 1342 663 ἐρρωμενεστέραις
1396 592 1456 645 ἐν
1509 600 1574 662 τῇ
1627 610 1799 661 παρα-

115 679 263 743 τάξει
315 681 642 750 χρήσαιντο,
702 690 818 743 τοῖς
871 680 976 734 ἀπὸ
1035 689 1147 734 τῶν
1203 689 1442 750 σπειρῶν
1501 678 1801 742 ἐπιλέκτοις

115 768 398 822 ὁδοποιεῖν
453 769 544 821 διὰ
597 777 709 822 τῶν
764 768 1020 839 ἐρειπίων
1080 768 1375 837 προσέταξε
1430 767 1520 822 καὶ
1573 770 1635 821 τὸ
1690 775 1799 838 πῦρ

115 857 420 925 σβεννύειν.

226 945 408 1015 <244>
445 944 561 998 κατ’
598 945 816 1015 ἐκείνην
863 944 964 1015 μὲν
1012 947 1081 1015 δὴ
1121 947 1221 1014 τὴν
1271 944 1480 1015 ἡμέραν
1514 943 1800 998 Ἰουδαίων

50 1056 92 1087 10
114 1034 352 1102 κάματός
388 1053 445 1086 τε
482 1032 575 1086 καὶ
605 1033 931 1103 κατάπληξις
970 1033 1231 1102 ἐκράτησε
1269 1034 1365 1096 τὰς
1403 1034 1596 1104 ὁρμάς’
1638 1039 1702 1101 τῇ
1744 1028 1793 1085 δ’

115 1120 344 1192 ἐπιούσῃ
406 1121 806 1191 συλλεξάμενοί
854 1141 912 1175 τε
965 1123 1067 1190 τὴν
1123 1124 1284 1192 ἰσχὺν
1338 1120 1430 1175 καὶ
1483 1121 1803 1190 ἀναθαρρή-

115 1224 309 1273 σαντες
347 1208 675 1264 ἐπεκθέουσι
715 1212 807 1263 διὰ
846 1217 940 1279 τῆς
979 1210 1304 1279 ἀνατολικῆς
1341 1211 1518 1278 πύλης
1553 1219 1668 1271 τοῖς
1699 1210 1803 1278 φύ-

114 1298 235 1362 λαξι
281 1306 381 1352 τοῦ
429 1298 637 1363 ἔξωθεν
686 1300 839 1370 ἱεροῦ
885 1297 1011 1367 περὶ
1063 1299 1328 1367 δευτέραν
1377 1299 1543 1367 ὥραν.
1619 1298 1803 1366 <245>

115 1389 172 1439 οἳ
208 1383 269 1439 δὲ
307 1397 580 1457 καρτερῶς
619 1385 720 1457 μὲν
761 1386 1015 1451 ἐδέξαντο
1056 1387 1238 1440 αὐτῶν
1276 1388 1378 1456 τὴν
1411 1386 1671 1456 ἐμβολήν,
1710 1384 1803 1439 καὶ

48 1496 90 1529 15
115 1474 454 1544 φραξάμενοι
501 1485 616 1539 τοῖς
661 1481 891 1544 θυρεοῖς
935 1477 1071 1528 κατὰ
1110 1474 1362 1545 μέτωπον
1405 1476 1587 1540 ὥσπερ
1627 1484 1805 1544 τεῖχος

116 1563 441 1617 ἐπύκνωσαν
479 1565 581 1633 τὴν
619 1565 894 1633 φάλαγγα,
936 1566 1095 1632 δῆλοι
1135 1561 1186 1616 δ’
1222 1559 1365 1632 ἦσαν
1402 1564 1503 1617 οὐκ
1537 1561 1624 1615 ἐπὶ
1662 1564 1804 1616 πολὺ

115 1661 551 1722 συμμενοῦντες,
589 1655 794 1721 πλήθει
832 1672 890 1706 τε
928 1661 1041 1705 τῶν
1073 1651 1441 1722 ἐκτρεχόντων
1479 1649 1570 1704 καὶ
1600 1656 1806 1719 θυμοῖς

113 1741 430 1811 ἡττώμενοι.
516 1741 716 1810 <246>
766 1742 990 1811 φθάσας
1045 1738 1106 1794 δὲ
1159 1750 1254 1810 τῆς
1305 1739 1655 1810 παρατάξεως
1706 1739 1807 1806 τὴν

115 1830 294 1900 ῥοπὴν
334 1832 554 1898 Καῖσαρ
595 1828 880 1901 (καθεώρα
919 1831 1024 1899 γὰρ
1058 1829 1163 1883 ἀπὸ
1195 1836 1290 1898 τῆς
1323 1826 1639 1898 Ἀντωνίας)
1682 1827 1808 1895 ἐπή-

49 1939 92 1971 20
115 1937 253 1987 μυνε
293 1919 426 1986 μετὰ
465 1927 577 1971 τῶν
618 1917 915 1971 ἐπιλέκτων
958 1917 1194 1972 ἱππέων.Ἴ
1239 1917 1421 1986 <247>
1453 1915 1714 1970 Ἰουδαῖοι
1747 1913 1809 1968 δὲ

114 2007 216 2075 τὴν
256 2007 463 2075 ἔφοδον
504 2007 604 2076 οὐχ
644 2005 972 2076 ὑπέμειναν,
1013 2006 1152 2060 ἀλλὰ
1190 2015 1301 2060 τῶν
1340 2007 1573 2076 πρώτων
1611 2007 1808 2058 πεσόν-

113 2114 226 2147 των
265 2093 576 2163 ἐτράπησαν
617 2095 675 2147 οἱ
708 2097 919 2148 πολλοί.
970 2094 1151 2162 <248>
1191 2093 1282 2147 καὶ
1321 2095 1674 2164 ὑποχωροῦσι
1707 2091 1808 2163 μὲν

114 2192 229 2245 τοῖς
252 2180 534 2251 Ῥωμαίοις
567 2182 1022 2253 ἐπιστρεφόμενοι
1060 2181 1433 2251 προσέκειντο,
1474 2186 1808 2252 μεταβαλλο-

115 2270 298 2339 μένων
332 2268 382 2323 δ’
420 2269 732 2340 ἀνέφευγον
764 2272 949 2340 πάλιν,
988 2271 1089 2335 ἕως
1119 2270 1243 2342 περὶ
1275 2270 1526 2340 πέμπτην
1557 2277 1651 2339 τῆς
1681 2269 1810 2339 ἡμέ-

47 2380 214 2428 25>ρας
262 2360 413 2428 ὥραν
462 2362 520 2413 οἳ
563 2357 665 2428 μὲν
711 2358 1038 2428 βιασθέντες
1083 2362 1161 2423 εἰς
1206 2362 1268 2414 τὸ
1315 2361 1483 2414 ἔνδον
1530 2362 1810 2412 συνεκλεί-

114 2454 334 2517 σθησαν
389 2449 567 2518 ἱερόν,
622 2450 803 2517 <249>
857 2452 1016 2512 Τίτος
1070 2447 1118 2502 δ’
1165 2448 1515 2519 ἀνεχώρησεν
1569 2449 1648 2510 εἰς
1699 2448 1802 2516 τὴν
1834 2456 1859 2495 5

108 2535 440 2605 Ἀντωνίαν,
497 2539 813 2606 διεγνωκὼς
857 2545 954 2606 τῆς
999 2537 1260 2606 ἐπιούσης
1304 2536 1509 2606 ἡμέρας
1553 2537 1662 2589 ὑπὸ
1707 2536 1810 2603 τὴν

114 2624 185 2678 ἕω
223 2626 359 2693 μετὰ
404 2625 584 2695 πάσης
631 2625 891 2695 ἐμβαλεῖν
938 2632 1034 2693 τῆς
1079 2625 1367 2694 δυνάμεως
1403 2623 1495 2678 καὶ
1533 2626 1632 2678 τὸν
1671 2625 1811 2677 ναὸν

112 2722 546 2783 περικατασχεῖν.

45 2823 89 2855 30
227 2802 408 2872 <250>
445 2811 547 2856 τοῦ
587 2805 621 2856 δ
628 2801 641 2822 ’
677 2804 783 2873 ἄρα
821 2805 1198 2871 κατεψήφιστο
1238 2799 1338 2872 μὲν
1377 2804 1438 2856 τὸ
1473 2809 1585 2872 πῦρ
1619 2801 1648 2854 ὁ
1680 2802 1814 2864 θεὸς

113 2891 300 2960 πάλαι,
338 2899 522 2962 παρῆν
562 2889 612 2944 δ’
652 2891 685 2960 ἡ
729 2889 1027 2962 εἱμαρμένη
1067 2894 1287 2962 χρόνων
1322 2892 1599 2960 περίοδος,
1637 2889 1813 2960 ἡμέρα
