2032 3128
759 95 969 137 ΛΟΓΟΣ
998 96 1199 138 ΕΚΤΟΣ
1741 93 1812 146 93

131 246 323 291 ναντες
360 230 488 290 τοὺς
527 225 769 296 ἑτέρους,
811 227 949 281 ἀλλὰ
987 229 1088 297 τὴν
1126 231 1287 297 νίκην
1326 227 1499 298 μέσην
1539 228 1599 282 ἐν
1638 228 1813 297 ἀγχω-

131 317 285 388 μάλῳ
331 318 734 379 καταλιπόντες.
810 317 993 385 <148>
1038 315 1129 370 καὶ
1168 315 1445 385 Ῥωμαίων
1491 314 1592 387 μὲν
1631 316 1815 384 ἐπισή-

0 399 1 473 l
131 425 245 473 μως
284 405 628 473 ἠγωνίσαντο
667 407 881 473 πολλοί,
914 403 1200 458 Ἰουδαίων
1237 403 1288 457 δ’
1327 404 1386 458 ἐκ
1418 402 1518 474 μὲν
1548 414 1659 459 τῶν
1690 402 1815 474 περὶ

132 496 364 561 Σίμωνα
398 489 610 555 Ἰούδας
659 492 688 546 ὁ
738 501 838 546 τοῦ
883 494 1195 561 Μαρεώτου
1249 491 1340 546 καὶ
1394 496 1589 562 Σίμων
1637 494 1666 548 ὁ
1716 500 1816 547 τοῦ

88 579 342 648 εὉσαΐα,
376 589 486 633 τῶν
520 577 581 633 δὲ
607 576 933 649 Ἰδουμαίων
959 578 1216 649 Ἰάκωβος
1245 582 1336 633 καὶ
1368 584 1583 650 Σίμων,
1614 584 1817 634 Καθλᾶ

133 666 234 738 μὲν
283 665 444 732 οὗτος
489 678 641 736 παῖς,
694 673 864 722 Σωσᾶ
912 666 973 722 δὲ
1019 669 1048 723 ὁ
1100 669 1373 737 Ιάκωβος,
1427 679 1537 722 τῶν
1585 656 1646 721 δὲ
1685 669 1817 738 μετὰ

123 756 390 811 Ἰωάννου
428 759 482 810 Γ
475 761 719 826 υφθαῑος
756 755 847 810 καὶ
878 755 1124 825 Ἀλεξᾶς,
1173 765 1284 811 τῶν
1325 755 1386 810 δὲ
1427 760 1679 826 ζηλωτῶν
1719 758 1819 808 Σί-

133 866 252 914 μων
291 846 412 908 υίὸς
444 844 575 915 Ἀρί.

244 935 426 1002 <149>
467 934 526 987 ἐν
573 935 748 1006 τούτῳ
798 933 845 986 δ’
891 934 924 1002 ἡ
975 935 1137 1003 λοιπὴ
1186 943 1296 987 τῶν
1329 933 1608 1003 Ῥωμαίων
1651 933 1818 986 δύνα-
1852 947 1876 986 7

67 1045 112 1078 10
134 1043 243 1092 μις,
282 1021 507 1092 ἡμέραις
547 1016 678 1075 ἕπτά
716 1021 1197 1091 καταστρεψαμένη
1237 1025 1366 1085 τοὺς
1399 1029 1496 1090 τῆς
1528 1019 1821 1083 Ἀντωνίας

132 1113 452 1179 θεμελίους,
507 1109 666 1180 μέχρι
718 1117 819 1164 τοῦ
874 1111 1027 1180 ἱεροῦ
1076 1113 1338 1163 πλατεῖαν
1389 1110 1525 1164 ὁδὸν
1576 1109 1820 1177 εὐτρεπί-

133 1214 316 1252 σαντο.
393 1198 574 1268 <15Ο>
621 1199 999 1267 πλησιάσαντα
1054 1195 1115 1251 δὲ
1167 1205 1242 1271 τῷ
1296 1200 1494 1271 πρώτῳ
1543 1200 1820 1270 περιβόλῳ

132 1288 199 1340 τὰ
238 1288 484 1356 τάγματα
523 1290 819 1358 κατήρχετο
857 1287 1153 1357 χωμάτων,
1192 1289 1254 1341 τὸ
1295 1284 1396 1355 μὲν
1432 1286 1691 1355 ἀντικρὺς
1727 1293 1823 1355 τῆς

133 1384 232 1429 τοῦ
280 1382 409 1429 εἵσω
463 1377 615 1447 ἱεροῦ
662 1379 865 1444 γωνίας
911 1377 1031 1444 ἥτις
1074 1372 1146 1445 ἦν
1194 1373 1308 1428 κατ’
1355 1376 1558 1444 ἄρκτον
1596 1373 1686 1428 καὶ
1728 1376 1823 1427 δύ-

13 1498 16 1503 ·
68 1487 111 1520 15
135 1479 252 1533 σιν,
306 1467 367 1518 τὸ
417 1462 478 1517 δὲ
523 1466 658 1518 κατὰ
704 1466 805 1533 τὴν
852 1467 1075 1534 βόρειον
1123 1463 1351 1534 ἐξέδραν
1389 1464 1422 1533 ἣ
1463 1463 1664 1534 μεταξὺ
1713 1432 1936 1555 rebvs

135 1555 238 1607 δύο
288 1557 480 1606 πυλῶν
526 1550 626 1622 ἦν,
684 1554 866 1621 <151>
913 1563 1024 1606 τῶν
1072 1550 1134 1605 δὲ
1182 1557 1391 1606 λοιπῶν
1438 1553 1542 1606 δύο
1582 1553 1824 1621 θάτερον

134 1639 236 1711 μὲν
275 1643 411 1695 κατὰ
456 1642 558 1710 τὴν
607 1640 862 1711 ἑσπέριον
911 1642 1080 1694 στοὰν
1127 1649 1228 1694 τοῦ
1276 1642 1484 1705 ἔξωθεν
1533 1642 1710 1711 ἱεροῦ,
1763 1643 1824 1695 τὸ

136 1730 184 1784 δ’
232 1729 421 1798 ἕτερον
474 1729 574 1794 ἔξω
625 1731 762 1783 κατὰ
812 1732 913 1800 τὴν
963 1733 1201 1800 βόρειον.
1278 1731 1587 1799 προύκοπτε
1638 1728 1826 1799 μέντοι

136 1820 269 1889 μετὰ
315 1822 525 1873 πολλοῦ
572 1819 819 1888 καμάτου
867 1817 958 1872 καὶ
1005 1822 1374 1888 ταλαιπωρίας
1411 1818 1599 1882 αὐτοῖς
1635 1813 1826 1887 τᾶργα,

7 1936 15 1940 -
70 1932 114 1977 20
137 1908 236 1976 τὴν
282 1908 424 1977 ὕλην
471 1905 569 1976 ἀφ’
617 1906 813 1962 ἑκατὸν
859 1909 1100 1961 σταδίων
1141 1910 1582 1976 συγκομίζουσιν.
1645 1906 1828 1976 <152>

137 1996 435 2050 ἐκακοῦντο
478 1993 527 2049 δ’
567 1994 688 2049 ἐσθ’
737 1997 843 2066 ὅπῃ
882 1994 972 2049 καὶ
1012 1994 1126 2049 κατ’
1168 1995 1463 2064 ἐπιβουλὰς
1501 1995 1685 2064 αὐτοί,
1737 1996 1828 2048 διὰ

135 2087 463 2155 περιουσίαν
501 2092 601 2139 τοῦ
640 2095 862 2153 κρατεῖν
897 2087 1051 2148 ὄντες
1090 2082 1422 2153 ἀδεέστεροι,
1459 2082 1551 2138 καὶ
1585 2081 1657 2137 δι’
1697 2083 1829 2137 ἀπό-

123 2187 346 2241 -γνωσιν
408 2175 515 2242 ἤδη
578 2171 850 2245 σωτηρίας
909 2175 1184 2244 χρώμενοι
1241 2171 1662 2243 τολμηροτέροις
1716 2181 1831 2236 τοῖς

129 2260 438 2324 Ἰουδαίοις.
493 2262 526 2330 <
537 2262 676 2331 153>
715 2272 825 2316 τῶν
866 2264 969 2333 γὰρ
1012 2261 1221 2316 ἱππέων
1261 2259 1407 2324 τινὲς
1441 2261 1604 2315 ὁπότε
1636 2260 1851 2331 προέλ-.

70 2373 113 2405 25
137 2355 300 2404 θοιεν
342 2349 430 2404 ε’πὶ
470 2351 694 2414 ξυλείαν
732 2350 766 2419 ἢ
805 2353 1009 2421 χόρτου
1057 2353 1363 2420 συλλογήν,
1408 2351 1507 2403 τὸν
1546 2356 1641 2418 τῆς
1679 2369 1833 2418 κομι-

138 2440 237 2507 δῆς
275 2441 481 2509 χρόνον
529 2438 758 2492 ἀνίεσαν
804 2441 1108 2508 βόσκεσθαι
1155 2441 1285 2502 τοὺς
1335 2439 1536 2500 ἵππους
1574 2437 1834 2507 ἀποχαλι-

138 2536 394 2595 νοῦντες,
427 2522 525 2590 οὓς
552 2529 611 2581 οἱ
632 2526 893 2582 Ἰουδαῖοι
917 2529 1053 2581 κατὰ
1079 2537 1271 2598 στῖφος
1297 2527 1639 2596 ἐκπηδῶντες
1661 2527 1834 2596 ἥρπα-

140 2618 248 2687 ζον.
324 2616 506 2684 <154>
546 2614 638 2669 καὶ
677 2618 879 2670 τούτου
921 2625 1164 2686 συνεχῶς
1202 2614 1563 2685 γιγνομένου,
1605 2616 1837 2683 νομίσας

134 2707 357 2774 ,Καῖσαρ
397 2705 532 2775 ὅπερ
571 2702 674 2774 ἧν,
724 2705 949 2777 ἀμελείᾳ
987 2715 1100 2758 τῶν
1139 2703 1422 2775 σφετέρων
1460 2702 1631 2756 πλέον
1682 2702 1716 2770 ἢ
1770 2709 1835 2772 τῇ

68 2815 113 2847 30
131 2791 423 2847 Ἰουδαίων
461 2792 693 2866 ἀνδρείᾳ
731 2797 1026 2863 γίγνεσθαι
1063 2795 1161 2857 τὰς
1199 2793 1474 2864 ἁρπαγάς,
1524 2793 1666 2860 ἔγνω
1707 2805 1838 2844 σκυ-

134 2885 497 2953 θρωπότερον
543 2885 674 2946 τοὺς
720 2885 948 2946 λοιποὺς
993 2884 1131 2954 πρὸς
1180 2883 1438 2952 φυλακὴν
1489 2889 1600 2934 τῶν
1651 2880 1837 2933 ἵππων
