2032 3128
229 77 299 128 36
654 76 779 119 ΤΟΤ
809 75 1150 118 ΙΟΤΔΑΙΚΟΤ
1180 75 1490 119 ΠΟΛΕΜΟΥ

231 217 366 264 σθαι
413 207 723 278 δυναμένας
767 210 865 272 τὰς
911 207 1187 271 ἑλεπόλεις
1231 216 1541 278 προσῆγον,
1594 211 1776 279 <276>
1823 209 1914 263 καὶ

237 301 397 361 Τίτος
451 296 723 367 ἐγγυτέρω
781 296 1080 367 τάφετήρια
1135 299 1454 366 διαστήσας,
1517 298 1590 360 ὡς
1652 298 1725 366 μὴ
1788 300 1917 362 τοὺς

229 389 422 456 κριοὺς
475 390 714 456 εἴργοιεν
763 385 868 438 ἀπὸ
922 393 1022 438 τοῦ
1076 388 1318 455 τείχους,
1373 385 1623 439 ἐκέλευσε
1675 387 1916 439 τύπτειν.

234 475 419 544 <277>
480 477 744 544 τριχόθεν
806 472 856 526 δ’
914 474 1157 538 ἐξαισίου
1219 475 1430 527 κτύπου
1489 476 1920 545 περιηχήσαντος

232 563 529 631 αἰφνιδίως
559 562 661 630 τὴν
692 564 876 630 πόλιν,
907 564 1121 632 κραυγή
1153 581 1210 615 τε
1244 563 1391 632 παρὰ
1421 570 1534 615 τῶν
1559 563 1725 616 ἔνδον
1751 565 1919 632 ἤρθη,
1965 584 1986 618 5

229 650 321 705 καὶ
367 661 481 714 τοῖς
534 659 883 713 στασιασταῖς
935 656 1057 704 ἴσον
1111 650 1361 719 ἐμπίπτει
1408 648 1544 712 δέος.
1623 653 1816 704 κοινὸν
1864 649 1914 704 δ’

231 737 476 810 ἑκάτεροι
529 742 627 792 τὸν
672 740 940 792 κίνδυνον
987 740 1200 802 ἰδόντες
1255 740 1452 808 κοινὴν
1500 737 1768 792 ἐπενόουν
1816 740 1921 809 ήδη

230 834 514 882 ποιεῖσθαι
576 825 667 880 καὶ
695 859 698 861 -
729 828 830 896 τὴν
884 829 1117 897 ἄμυναν.
1210 827 1393 897 <278>
1449 829 1808 896 διαβοώντων
1863 825 1925 880 δὲ

232 919 370 986 πρὸς
425 917 698 985 ἀλλήλους
751 925 861 970 τῶν
917 917 1202 986 διαφόρων
1259 917 1332 980 ὡς
1391 917 1569 970 πάντα
1632 917 1925 984 πράττοιεν

231 1003 370 1075 ὑπὲρ
414 1014 522 1058 τῶν
561 1008 860 1073 πολεμίων,
901 1003 1050 1073 δέον,
1094 1007 1146 1058 εἰ
1181 1003 1276 1058 καὶ
1315 1006 1387 1074 μὴ
1430 1006 1653 1074 διηνεκῆ
1695 1006 1927 1059 δίδωσιν
1952 1027 1995 1060 10

234 1094 423 1156 αὐτοῖς
464 1093 730 1162 ὁμόνοιαν
763 1094 791 1147 ὁ
823 1095 973 1162 θεός,
1014 1093 1075 1146 ἐν
1108 1102 1248 1161 γοῦν
1278 1100 1353 1165 τῷ
1395 1096 1628 1163 παρόντι
1657 1094 1760 1162 τὴν
1790 1095 1929 1163 πρὸς

233 1181 508 1250 ἀλλήλους
575 1183 894 1251 φιλονικίαν
963 1181 1383 1252 ὑπερθεμένους
1451 1183 1588 1234 κατὰ
1651 1180 1929 1251 Ῥωμαίων

236 1275 552 1338 συνελθεῖν,
593 1272 846 1340 κηρύττει
887 1267 987 1339 μὲν
1020 1256 1214 1324 ἄδειαν
1247 1271 1276 1324 ὁ
1302 1273 1499 1339 Σίμων
1529 1280 1646 1333 τοῖς
1684 1270 1790 1324 ἀπὸ
1829 1278 1930 1324 τοῦ

236 1360 392 1430 ἱεροῦ
445 1363 749 1430 παρελθεῖν
798 1357 885 1411 ἐπὶ
932 1360 994 1412 τὸ
1040 1367 1245 1428 τεῖχος,
1300 1357 1575 1429 ἐπιτρέπει
1622 1356 1682 1413 δὲ
1737 1361 1929 1429 καίπερ

235 1447 482 1501 ἀπιστῶν
516 1448 545 1501 ὁ
580 1442 854 1516 Ἰωάννης.
924 1448 1108 1516 <279>
1142 1450 1201 1508 οἳ
1235 1444 1297 1500 δὲ
1327 1455 1428 1501 τοῦ
1461 1450 1659 1516 μίσους
1695 1446 1788 1501 καὶ
1818 1458 1931 1502 τῶν
1955 1470 1997 1503 15

237 1538 399 1589 ἰδίων
440 1537 726 1606 διαφορῶν
767 1539 1032 1605 λαβόντες
1070 1535 1375 1605 ἀμνηστίαν
1414 1537 1476 1589 ἓν
1516 1545 1671 1606 σῶμα
1710 1540 1957 1606 γίγνον-’

235 1644 343 1691 ται,
381 1623 473 1677 καὶ
512 1627 574 1678 τὸ
615 1622 716 1693 μὲν
748 1634 926 1694 τεῖχος
963 1627 1317 1695 περισχόντες
1353 1620 1448 1677 ἀπ’
1481 1625 1652 1679 αὐτοῦ
1690 1626 1839 1695 πυρά
1877 1645 1933 1679 τε

235 1717 539 1782 παμπληθῆ
595 1714 731 1766 κατὰ
786 1722 898 1766 τῶν
945 1713 1353 1784 μηχανημάτων
1401 1713 1621 1768 ἐνίεσαν
1667 1713 1759 1767 καὶ
1805 1717 1936 1778 τοὺς

237 1801 630 1871 ἐπιβρίθοντας
657 1802 754 1865 τὰς
778 1800 1055 1866 ἑλεπόλεις
1079 1801 1443 1866 ἀδιαλείπτως
1467 1804 1724 1872 ἔβαλλον,
1755 1804 1936 1872 <280>

238 1891 297 1943 οἱ
331 1893 726 1961 τολμηρότεροι
759 1888 820 1944 δὲ
858 1892 993 1944 κατὰ
1028 1894 1191 1962 στίφη
1232 1893 1625 1962 προπηδῶντες
1662 1892 1728 1945 τὰ
1767 1891 1936 1961 γέρρα
1961 1914 2004 1946 20

237 1988 348 2032 τῶν
404 1980 811 2049 μηχανημάτων
867 1979 1234 2050 ἐσπάραττον,
1296 1978 1387 2033 καὶ
1448 1990 1565 2044 τοῖς
1629 1976 1716 2034 ἐπ’
1755 1981 1939 2034 αὐτῶν

237 2070 673 2136 προσπίπτοντες
715 2067 979 2139 ἐπιστήμῃ
1021 2065 1122 2137 μὲν
1157 2069 1317 2136 ὀλίγα
1352 2071 1525 2140 τόλμῃ
1563 2066 1626 2122 δὲ
1665 2070 1730 2122 τὰ
1768 2072 1936 2123 πλείω

238 2153 640 2223 περιεγένοντο.
727 2157 910 2226 <281>
964 2161 1342 2227 προσεβοήθει
1391 2154 1453 2210 δὲ
1497 2167 1612 2221 τοῖς
1665 2166 1939 2212 πονοῦσιν

240 2243 403 2306 αὐτὸς
457 2241 542 2296 ἀεὶ
591 2247 808 2313 Καῖσαρ
822 2286 836 2313 ,
891 2244 982 2298 καὶ
1037 2244 1165 2315 παρ’
1213 2244 1474 2316 ἑκάτερον
1521 2256 1633 2300 τῶν
1681 2247 1940 2318 ὀργάνων
2007 2304 2009 2307 ,

239 2332 368 2394 τούς
406 2329 464 2384 θ’
503 2331 695 2396 ἱππέας
740 2332 833 2386 καὶ
871 2336 1003 2397 τοὺς
1041 2333 1266 2398 τοξότας
1306 2336 1604 2404 διαστήσας
1645 2331 1792 2405 εἶργε
1840 2333 1939 2404 μὲν
1965 2356 2008 2390 25

240 2422 372 2482 τοὺς
410 2421 471 2473 τὸ
512 2429 622 2491 πῦρ
664 2421 1050 2493 ἐπιφέροντας,
1091 2422 1380 2477 ἀνέστελλε
1420 2420 1482 2477 δὲ
1520 2426 1649 2487 τοὺς
1688 2423 1793 2478 ἀπὸ
1828 2433 1940 2477 τῶν

239 2509 471 2577 πύργων
509 2510 841 2580 βάλλοντας,
891 2511 1152 2581 ἐνεργοὺς
1199 2508 1252 2564 δ’
1286 2509 1459 2565 ἐποίει
1505 2512 1602 2575 τὰς
1650 2509 1941 2575 ἑλεπόλεις.

242 2596 426 2665 <282>
469 2597 537 2651 οὐ
578 2599 689 2667 μὴν
727 2609 846 2662 ταῖς
883 2604 1119 2669 πληγαῖς
1158 2600 1403 2669 ὑπήκουε
1442 2601 1503 2653 τὸ
1543 2609 1737 2670 τεῖχος,
1782 2602 1834 2653 εἰ
1870 2602 1942 2670 μὴ

240 2683 374 2738 καθ’
414 2682 619 2741 ὅσον’ὁ
661 2695 760 2741 τοῦ
799 2689 1294 2750 πεντεκαιδεκάτου
1333 2689 1607 2758 τάγματος
1645 2691 1800 2757 κριὸς
1838 2710 1945 2757 γω-

240 2775 370 2826 νίαν
423 2775 701 2846 διεκίνησε
755 2778 989 2847 πύργου.
1067 2779 1128 2830 τὸ
1186 2774 1247 2830 δὲ
1300 2785 1479 2846 τεῖχος
1532 2776 1793 2847 ἀκέραιον
1846 2773 2031 2846 ἧν·30ι

242 2862 422 2932 <283>
478 2861 611 2917 οὐδὲ
673 2865 778 2936 γὰρ
842 2864 1055 2929 εὐθέως
1116 2866 1547 2920 συνεκινδύνευε
1608 2874 1685 2938 τῷ
1748 2867 1943 2939 πύργῳ
