2032 3128
221 97 291 149 92
652 99 777 141 ΤΟΤ
807 99 1149 140 ΙΟΤΔΑΙΚΟΤ
1177 97 1486 140 ΠΟΛΕΜΟΥ
1972 0 2004 151 ἓ

214 232 311 283 τὸν
366 234 745 301 προστυχόντα
798 233 1054 299 πλήττειν
1108 227 1178 299 ἦν
1231 232 1469 300 ἄκριτον.
1547 230 1725 297 <139>
1773 228 1896 283 Ῥω·

214 321 409 387 μαίους
448 315 548 387 μὲν
590 315 694 372 οὖν
734 321 1135 388 συνησπικότας
1165 317 1256 372 καὶ
1286 320 1422 371 κατὰ
1454 317 1735 382 συντάξεις
1763 334 1897 387 προ-

213 407 502 475 πηδῶντας
553 403 718 475 ἦττον
770 410 1036 476 ἔβλαπτεν
1083 407 1307 474 ἄγνοια·
1369 405 1460 459 καὶ
1511 406 1615 476 γὰρ
1654 402 1724 474 ἦν
1762 403 1890 473 παρ’

215 493 422 567 ἑκάστῳ
470 497 655 563 μνήμη
702 503 802 548 τοῦ
850 497 1224 563 συνθήματος·
1303 494 1499 564 <14Ο>
1540 493 1801 547 Ἰουδαῖοι
1841 490 1890 545 δ’

215 582 299 635 ἀεὶ
339 584 793 652 σκεδαννύμενοι,
831 581 923 636 καὶ
961 583 1055 645 τάς
1088 603 1146 636 τε
1177 584 1490 654 προσβολὰς
1521 581 1612 636 καὶ
1643 583 1737 644 τὰς
1766 581 1896 634 ὑπο·
1941 604 1963 638 5

214 673 480 741 χωρήσεις
511 670 716 739 ἀνέδην
748 672 1091 740 ποιούμενοι,
1130 672 1392 735 πολλάκις
1423 674 1733 740 φαντασίαν
1763 688 1899 741 παρ-

215 769 366 828 εῖχον
436 760 694 828 ἀλλήλοις
762 763 1066 829 πολεμίων·
1150 762 1247 813 τὸν
1316 758 1734 828 ὑποστρέφοντα
1795 760 1899 830 γὰρ

217 847 443 911 ἕκαστος
482 850 697 902 οἰκεῖον
729 849 821 901 διὰ
861 851 1091 911 σκότους
1131 849 1203 912 ὡς
1238 848 1463 902 ἐπιόντα
1492 846 1760 916 Ῥωμαῖον
1793 846 1902 910 ἐξε-

218 934 417 1006 δέχετο.
495 938 677 1005 <141>
726 939 950 1000 πλειόυς
1000 946 1138 1005 γοῦν
1189 937 1296 991 ὑπὸ
1345 946 1456 990 τῶν
1505 937 1666 989 ἰδίων
1711 934 1744 1003 ἢ
1791 944 1902 988 τῶν

216 1027 495 1094 πολεμίων
543 1024 895 1093 ἐτρώθησαν,
946 1024 1048 1087 ἕως
1092 1023 1296 1094 ἡμέρας
1340 1023 1640 1094 γενομένης
1678 1025 1802 1087 ὄψει
1841 1025 1902 1077 τὸ
1929 1047 1972 1077 10

217 1114 413 1165 λοιπὸν
444 1113 477 1182 ἡ
510 1113 652 1183 μάχη
687 1114 1008 1182 διεκρίνετο,
1047 1111 1138 1165 καὶ
1177 1113 1312 1166 κατὰ
1351 1113 1606 1182 φάλαγγα
1646 1112 1903 1165 διαστάν-

215 1219 303 1262 τες
346 1211 461 1263 τοϊς
509 1221 566 1254 τε
612 1199 832 1270 βέλεσιν
878 1201 1150 1264 εὐτάκτως
1195 1201 1435 1270 ἐχρῶντο
1474 1199 1566 1254 καὶ
1611 1210 1730 1264 ταῖς
1768 1200 1905 1269 ἀμύ-

215 1309 352 1351 ναις.
429 1290 625 1358 <142>
679 1288 961 1357 οὐδέτεροι
1016 1287 1066 1341 δ’
1116 1287 1232 1342 οὔτ’
1281 1285 1433 1342 εἶκον
1486 1288 1599 1343 οὔτ’
1651 1289 1905 1358 ἐκοπίων,
1995 1269 2032 1338 ‚³

216 1377 331 1431 ἀλλ’
373 1381 430 1432 οἳ
466 1377 587 1447 μέν,
627 1379 699 1440 ὡς
739 1377 1052 1448 ἐφορῶντος
1090 1380 1398 1448 Καίσαρος,
1436 1376 1554 1431 κατ’
1598 1379 1776 1448 ἄνδρα
1814 1376 1906 1432 καὶ

215 1467 352 1519 κατὰ
392 1466 675 1530 συντάξεις
707 1468 898 1537 ἤριζον
929 1466 1208 1534 ἀλλήλοις,
1247 1465 1337 1519 καὶ
1368 1475 1650 1537 προκοπῆς
1681 1466 1906 1530 ἕκαστος
1929 1487 1974 1520 15

217 1553 435 1622 ἐκείνην
473 1555 620 1627 αὐτῷ
654 1555 756 1623 τὴν
788 1554 998 1625 ἡμέραν
1031 1554 1217 1625 ἄρξειν
1249 1556 1662 1625 ὑπελάμβανεν,
1703 1558 1754 1608 εἰ
1782 1575 1906 1624 γεν-

215 1646 385 1705 ναίως
425 1642 779 1711 ἀγωνίσαιτο·
857 1643 1041 1713 <143>
1077 1642 1366 1707 Ἰουδαίοις
1413 1642 1463 1697 δ’
1502 1643 1768 1714 ἐβράβευε
1813 1644 1909 1707 τὰς

215 1734 417 1801 τόλμας
469 1733 498 1784 ὅ
549 1752 606 1785 τε
656 1730 782 1803 περὶ
831 1742 992 1801 σφῶν
1039 1732 1222 1785 αὐτῶν
1268 1730 1360 1785 καὶ
1398 1741 1499 1786 τοῦ
1541 1734 1694 1803 ἱεροῦ
1733 1734 1910 1800 φόβος

215 1818 307 1873 καὶ
347 1820 376 1874 ὁ
415 1822 688 1891 τύραννος
727 1820 965 1890 ἐφεστὼς
996 1819 1086 1873 καὶ
1118 1823 1247 1883 τοὺς
1278 1819 1379 1890 μὲν
1414 1825 1748 1890 παρακαλῶν
1779 1823 1910 1884 τοὺς

218 1906 279 1961 δὲ
318 1918 599 1977 μαστιγῶν
639 1907 729 1962 καὶ
770 1910 1058 1978 διεγείρων
1089 1909 1350 1972 ἀπειλαῖς.
1403 1910 1584 1979 <144>
1617 1908 1909 1979 συνέβαινε
1933 1931 1978 1963 20

219 1994 279 2050 δὲ
326 1999 387 2051 τὸ
436 1995 537 2066 μὲν
587 2002 847 2052 πλεῖστον
898 2000 1191 2051 σταδιαίαν
1241 1995 1383 2051 εἶναι
1435 1999 1537 2067 τὴν
1588 1998 1793 2068 μάχην,
1847 1997 1909 2051 ἐν

218 2086 385 2157 ὀλίγῳ
435 2084 496 2139 δὲ
543 2085 634 2139 καὶ
676 2085 880 2157 ταχέως
926 2086 1391 2156 ἀντιστρέφεσθαι
1430 2088 1526 2151 τὰς
1565 2087 1760 2158 ῥοπάς·
1816 2086 1910 2140 οὐ-

218 2173 431 2243 δέτεροι
485 2175 589 2244 γὰρ
645 2175 771 2228 οὔτε
826 2183 1007 2243 φυγῆς
1062 2177 1188 2229 οὔτε
1245 2175 1484 2239 διώξεως
1530 2183 1701 2244 μῆκος
1743 2171 1909 2246 εἶχον.

215 2263 413 2333 <145>
468 2262 554 2316 ἀεὶ
609 2260 671 2316 δὲ
723 2265 862 2333 πρὸς
915 2265 977 2317 τὸ
1034 2266 1345 2333 συμβαῖνον
1401 2266 1602 2339 οἰκεῖος
1655 2263 1762 2318 ἀπὸ
1816 2272 1911 2332 τῆς

211 2349 508 2414 Ἀντωνίας
547 2352 576 2405 ὁ
608 2354 858 2421 θόρυβος
887 2349 975 2421 ἦν,
1013 2358 1251 2424 θαρρεῖν
1284 2350 1346 2405 δὲ
1377 2351 1469 2406 καὶ
1500 2361 1765 2422 κρατοῦσι
1796 2362 1912 2415 τοῖς
1935 2373 1980 2406 25

217 2439 503 2509 σφετέροις
543 2440 788 2509 ἐπεβόων
827 2439 918 2493 καὶ
959 2440 1147 2510 μένειν
1186 2440 1556 2511 τρεπομένοις.
1617 2442 1800 2510 <146>
1840 2438 1911 2510 ἦν

217 2526 266 2580 δ’
307 2529 490 2597 ὥσπερ
529 2548 582 2582 τι
621 2527 867 2597 πολέμου
906 2529 1170 2599 θέατρον·
1219 2527 1389 2583 οὐδὲν
1427 2530 1532 2599 γὰρ
1573 2530 1700 2582 οὔτε
1748 2531 1913 2583 Τίτον

217 2618 343 2670 οὔτε
383 2619 513 2680 τοὺς
549 2616 676 2687 περὶ
716 2617 888 2671 αὐτὸν
935 2618 1210 2671 ἐλάνθανε
1249 2627 1360 2671 τῶν
1399 2619 1537 2671 κατὰ
1575 2620 1677 2686 τὴν
1717 2617 1912 2688 μάχην.

215 2705 401 2775 <147>
432 2707 492 2759 τὸ
527 2702 588 2758 δὲ
619 2704 812 2774 πέρας,
852 2704 1149 2775 ἀρξάμενοι
1180 2714 1275 2774 τῆς
1298 2707 1499 2769 νυκτὸς
1523 2704 1718 2774 ἐνάτης
1749 2706 1912 2775 ὥρας,

215 2792 341 2863 περὶ
381 2792 632 2862 πέμπτην
671 2801 767 2862 τῆς
805 2792 1011 2863 ἡμέρας
1051 2795 1422 2863 διελύθησαν,
1462 2791 1558 2863 ἀφ’
1607 2790 1778 2864 οὗπερ
1817 2796 1914 2864 ἥρ·
1938 2815 1982 2848 so

217 2881 383 2944 ξαντο
439 2885 612 2935 τόπου
667 2889 764 2951 τῆς
819 2884 1124 2951 συμβολῆς,
1179 2881 1470 2953 μηδέτεροι
1516 2885 1754 2951 βεβαίως
1798 2884 1914 2935 κλί-
