2032 3128
738 72 950 114 ΛΟΓΟΣ
981 72 1282 115 ΠΕΜΠΤΟΣ
1781 68 1852 123 53

173 203 490 273 ἠδοξήκατε,
520 205 726 266 κλοπὰς
753 203 894 272 λέγω
919 203 1008 257 καὶ
1034 204 1259 275 ἐνέδρας
1282 204 1373 258 καὶ
1399 208 1661 276 μοιχείας,
1685 205 1856 276 ἅρπαι-

172 302 292 359 γαῖς
348 290 396 344 δ’
456 291 653 361 ἐρίζετε
707 292 796 345 καὶ
849 295 1070 362 φόνοις,
1125 292 1218 346 καὶ
1273 293 1429 357 ξένας
1480 303 1856 364 καινοτομεῖτε

123 381 135 395 ’
171 383 363 443 κακίας
403 379 591 444 ὁδούς;
645 380 926 451 ἐκδοχεῖον
974 378 1035 433 δὲ
1081 382 1306 434 πάντων
1352 384 1413 434 τὸ
1455 383 1606 452 ἱερὸν
1644 381 1857 450 γέγονε,

171 467 262 520 καὶ
293 466 486 537 χερσὶν
517 467 808 536 ἐμφυλίοις
847 469 877 522 ὁ
916 473 1072 531 θεῖος
1110 472 1398 537 μεμίανται
1429 479 1621 539 χῶρος,
1662 469 1727 523 ὃν
1766 467 1859 522 καὶ

129 555 416 624 5Ῥωμαῖοι
470 559 767 625 πόρρωθεν
827 557 1238 625 προσεκύνουν,
1300 558 1477 611 πολλὰ
1530 567 1640 610 τῶν
1698 559 1857 610 ἰδίων

175 645 324 697 ἐθῶν
381 645 755 714 παραλύοντες
807 646 886 707 εἰς
935 646 1033 698 τὸν
1088 644 1354 715 ἡμέτερον
1407 648 1598 713 νόμον.
1675 645 1859 714 <403>

171 730 268 786 εἶτ’
331 732 420 787 ἐπὶ
474 734 692 794 τούτοις
740 735 838 786 τὸν
892 732 1238 803 ἀσεβηθέντα
1286 735 1572 803 σύμμαχον
1618 735 1857 802 προσδοὁ

171 830 322 886 κᾶτε;
363 821 510 874 πάνυ
551 827 689 889 γοῦν
731 818 850 874 ἐστὲ
890 823 1098 875 δίκαιοι
1139 821 1326 890 ἱκέται,
1365 820 1455 874 καὶ
1495 819 1647 891 χερσὶ
1687 827 1860 874 καθα-

170 920 292 980 ραῖς
329 911 426 963 τὸν
464 911 680 979 βοηθὸν
720 909 878 978 ὑμῶν
917 915 1294 979 παρακαλεῖτε.
1358 909 1540 978 <404>
1580 910 1860 973 τοιαύταις

104 1021 146 1052 ιο
169 998 199 1051 ὁ
240 1001 500 1067 βασιλεὺς
537 998 694 1067 ἡμῶν
734 997 1012 1052 ἱκέτευσεν
1044 997 1132 1052 ἐπὶ
1164 1001 1261 1053 τὸν
1289 997 1596 1069 Ἀσσύριον,
1636 999 1726 1051 ὅτε
1762 1001 1860 1052 τὸν

169 1086 343 1156 μέγαν
382 1083 599 1140 ἐκεῖνον
637 1089 874 1157 στρατὸν
913 1095 1010 1159 μιᾷ
1042 1086 1200 1140 νυκτὶ
1232 1086 1605 1158 κατέστρωσεν
1637 1087 1666 1140 ὁ
1699 1089 1860 1151 θεός;

170 1176 333 1244 ὅμοια
372 1172 434 1228 δὲ
473 1183 546 1246 τῷ
583 1173 856 1248 Ἀσσυρίῳ
888 1174 1143 1245 Ῥωμαῖοι
1183 1177 1422 1246 δρῶσιν,
1461 1176 1554 1228 ἵνα
1592 1173 1682 1228 καὶ
1723 1176 1860 1243 ἄμυ-

167 1283 273 1316 ναν
312 1264 468 1333 ὑμεῖς
508 1264 705 1333 ὁμοίαν
738 1263 1013 1333 ἐλπίσητε;
1057 1265 1239 1333 <405>
1278 1263 1379 1335 οὐχ
1414 1263 1443 1317 ὃ
1475 1261 1577 1333 μὲν
1608 1266 1856 1334 χρήματα

166 1353 312 1423 παρὰ
359 1356 461 1406 τοῦ
508 1351 775 1421 βασιλέως
819 1353 976 1421 ὑμῶν
1024 1354 1210 1422 λαβὼν
1250 1349 1340 1422 ἐφ’
1384 1347 1429 1425 ᾧ
1469 1350 1542 1422 μὴ
1580 1355 1856 1422 πορθήσει

101 1463 144 1495 15
167 1442 268 1510 τὴν
322 1443 518 1509 πόλιν,
571 1439 770 1511 κατέβη
827 1443 974 1511 παρὰ
1020 1445 1149 1505 τοὺς
1195 1442 1395 1512 ὅρκους
1441 1441 1713 1511 ἐμπρῆσαι
1759 1443 1857 1495 τὸν

166 1533 330 1594 ναόν;
361 1527 617 1599 Ῥωμαῖοι
656 1527 718 1583 δὲ
749 1532 847 1583 τὸν
880 1532 1100 1599 συνήθη
1143 1532 1356 1600 δασμὸν
1387 1532 1665 1599 αἰτοῦσιν,
1705 1529 1771 1582 ὃν
1804 1530 1862 1582 οὗ

164 1617 392 1687 πατέρες
429 1618 586 1687 ἡμῶν
624 1628 739 1681 τοῖς
780 1617 1008 1671 ἐκείνων
1045 1620 1280 1689 πατράσι
1320 1617 1624 1689 παρέσχον,
1674 1618 1859 1687 <406>

165 1705 257 1759 καὶ
302 1708 504 1760 τούτου
551 1709 811 1777 τυχόντες
858 1708 984 1761 οὔτε
1037 1713 1320 1778 πορθοῦσι
1370 1709 1472 1776 τὴν
1518 1711 1684 1761 πόλιν
1732 1708 1860 1760 οὔτε

164 1796 411 1859 ψαύουσι
461 1801 572 1848 τῶν
620 1795 821 1864 ἁγίων,
875 1797 1098 1849 διδόασι
1145 1793 1195 1848 δ’
1240 1796 1374 1865 ἡμῖν
1424 1791 1617 1865 τᾶλλα,
1670 1795 1862 1864 γενεάς

19 1942 28 1945 ,
100 1907 143 1938 20
167 1883 209 1937 τ’
268 1883 567 1952 ἐλευθέρας
613 1883 705 1941 καὶ
751 1887 968 1954 κτήσεις
1013 1886 1109 1948 τὰς
1156 1883 1367 1957 ἑαυτῶν
1421 1883 1713 1954 νέμεσθαι,
1768 1882 1863 1938 καὶ

165 1975 295 2036 τοὺς
351 1973 534 2043 ἱεροὺς
586 1975 797 2042 νόμους
851 1975 1100 2038 σώζουσι.
1178 1974 1361 2043 <407>
1416 1977 1584 2043 μανία
1640 1971 1708 2041 δὴ
1764 1975 1862 2027 τὸν

164 2064 304 2116 θεὸν
343 2063 664 2132 προσδοκᾶν
705 2060 792 2115 ἐπὶ
833 2063 1068 2125 δικαίοις
1113 2056 1230 2126 οἷος
1277 2061 1358 2116 ἐπ’
1405 2062 1619 2125 ἀδίκοις
1667 2061 1861 2131 ἐφάνη.

166 2149 258 2203 καὶ
295 2158 627 2220 παραχρῆμα
668 2146 718 2203 δ’
757 2149 992 2219 ἀμύνειν
1032 2147 1188 2205 οἶδεν
1220 2152 1353 2205 ὅταν
1386 2151 1506 2222 δέῃ·
1551 2153 1681 2214 τοὺς
1723 2153 1863 2219 γοῦν

161 2237 487 2310 Ἀσσυρίους
523 2240 660 2291 κατὰ
699 2240 873 2292 νύκτα
910 2241 1013 2307 τὴν
1056 2241 1281 2310 πρώτην
1318 2241 1864 2311 παραστρατοπεδευ-

101 2351 143 2382 25
168 2325 444 2397 σαμένους
491 2329 735 2380 ἔκλασεν.
811 2327 992 2395 <408>
1042 2326 1169 2381 ὥστ’
1215 2331 1268 2382 εἰ
1310 2327 1404 2382 καὶ
1448 2329 1551 2398 τὴν·
1594 2326 1864 2397 ἡμετέραν

166 2417 364 2484 γενεὰν
393 2415 716 2486 ἐλευθερίας
745 2416 780 2485 ἢ
805 2414 1104 2485 Ῥωμαίους
1133 2418 1412 2481 κολάσεως
1443 2416 1632 2481 ἀξίους
1663 2419 1864 2487 ἔκρινε,

165 2504 271 2558 κᾶν
323 2512 656 2575 παραχρῆμα
710 2505 964 2574 καθάπερ
1017 2514 1137 2568 τοῖς
1180 2502 1494 2575 Ἀσσυρίοις
1544 2503 1866 2574 ἐνέσκηψεν,

166 2594 254 2646 ὅτε
282 2601 385 2646 τοῦ
417 2594 622 2655 ἔθνους
651 2593 850 2661 ἥπτετο
876 2594 1189 2662 Πομπήιος,
1227 2595 1317 2647 ὅτε
1349 2589 1462 2663 μετ’
1500 2594 1672 2647 αὐτὸν
1703 2591 1866 2664 ἀνῄει

166 2684 436 2750 Σόσσιος,
475 2681 564 2734 ὅτε
598 2679 980 2745 ’δεσπασιανὸς
1020 2681 1250 2753 ἐπόρθει
1287 2685 1390 2752 τὴν
1431 2684 1759 2750 Γαλιλαίαν,
1797 2682 1865 2735 τὰ

98 2774 450 2824 3οτελευταῖα
488 2777 597 2823 νῦν
639 2764 721 2822 ὅτ’
758 2771 944 2838 ἤγγιζε
992 2773 1153 2834 Τίτος
1189 2779 1256 2842 τῇ
1294 2774 1467 2826 πόλει.
1531 2771 1715 2840 (409)
1746 2774 1865 2824 καί-

166 2878 251 2912 τοι
282 2859 521 2927 Μάγνος
551 2855 654 2927 μὲν
685 2857 777 2911 καὶ
803 2862 1045 2923 Σόσσιος
1067 2861 1206 2931 πρὸς
1227 2869 1304 2933 τῷ
1329 2857 1504 2930 μηδὲν
1534 2865 1745 2913 παθεῖν
1771 2858 1867 2912 καὶ
