2032 3128
206 66 310 118 116
633 68 758 110 'ror
787 68 1126 110 IOTAAIKOT
1155 67 1463 109 ΠΟΛΕΜΟΥ

200 199 501 270 ἐγκρατεῖς,
546 198 637 252 καὶ
677 201 775 252 τὸν
816 198 1052 270 ἑρμηνέα
1091 200 1603 269 παραστησάμενος,
1643 199 1775 265 ὅπερ
1814 197 1884 268 ἦν

198 290 491 357 τεκμήριον
530 297 630 341 τοῦ
668 298 917 356 κρατεῖν,
956 297 1170 356 πρῶτος
1207 286 1408 357 ἤρξατο
1448 287 1644 355 λέγειν.
1706 286 1888 356 <328>

200 371 333 442 ἀρά
380 374 429 443 γ’
476 377 583 445 ἤδη
630 379 927 446 κεκόρεσθε
974 386 1086 429 τῶν
1134 383 1228 444 τῆς
1272 377 1534 445 πατρίδος
1578 385 1789 443 κακῶν,
1843 371 1885 428 ὦ

200 464 397 532 ἄνδρες
442 465 501 516 οἱ
541 465 674 532 μήτε
720 473 817 534 τῆς
854 463 1116 533 ἡμετέρας
1161 464 1467 533 δυνάμεως
1486 466 1617 532 μήτε
1658 473 1752 532 τῆς
1792 463 1888 516 αὑ-

198 560 309 603 τῶν
341 550 634 615 ἀσθενείας
664 555 888 606 ἔννοιαν
920 555 1200 621 λαβόντες,
1242 552 1381 622 ὁρμῇ
1424 550 1476 604 δ’
1518 553 1765 624 ἀσκέπτῳ
1796 549 1888 605 καὶ
1936 575 1956 607 5

201 642 370 711 μανίᾳ
408 642 506 693 τόν
545 660 603 693 τε
642 642 820 709 δῆμον
859 639 949 693 καὶ
988 640 1088 708 τὴν
1126 643 1290 694 πόλιν
1330 638 1421 692 καὶ
1456 642 1554 694 τὸν
1585 642 1725 693 ναὸν
1756 639 1889 693 ἀπσ-

202 731 522 796 λωλεκότες,
571 727 943 796 ἀπολούμενοι
984 724 1045 780 δὲ
1084 726 1175 780 καὶ
1215 727 1372 781 αὐτοὶ
1414 729 1662 796 δικαίως,
1711 729 1891 797 <329>

203 819 286 869 oz*
310 826 530 886 πρῶτον
585 814 695 885 μὲν
748 812 842 886 ἀφ’
896 812 963 870 οὗ
1018 816 1308 884 Πομπήιος
1362 810 1507 870 εἷλεν
1563 817 1705 885 ὑμᾶς
1757 817 1891 869 κατὰ

201 905 425 974 κράτος,
465 904 566 957 οὐκ
606 903 923 957 ἐπαύσασθε
963 906 1384 973 νεωτεροποιίας
1431 906 1613 956 ἔπειτα
1660 902 1750 957 καὶ
1789 924 1891 973 φα-

199 995 366 1061 νερὸν
429 990 750 1060 ἐξηνέγκατε
802 995 940 1061 πρὸς
986 991 1284 1061 Ῥωμαίους
1335 994 1603 1061 πόλεμον;
1676 988 1781 1061 ἇρά
1831 1012 1892 1060 γε
1920 1016 1961 1047 10

200 1085 404 1150 πλήθει
458 1084 810 1144 πεποιθότες;
878 1081 1060 1149 <330>
1110 1079 1201 1133 καὶ
1254 1080 1363 1149 μὴν
1419 1079 1707 1150 ἐλάχιστον
1760 1081 1894 1149 ὑμῖν

201 1169 365 1239 μέρος
410 1169 709 1238 ἀντήρκεσε
758 1176 858 1222 τοῦ
900 1167 1178 1237 Ῥωμαίων
1231 1177 1638 1237 στρατιωτικοῦ.
1717 1172 1894 1222 πίστει

200 1265 498 1326 τοιγαροῦν
551 1257 876 1327 συμμάχωνς
933 1256 1024 1310 καὶ
1075 1260 1133 1309 τί
1176 1266 1287 1310 τῶν
1336 1255 1437 1320 ἔξω
1488 1264 1583 1325 τῆς
1632 1255 1896 1327 ἡμετέρας

200 1347 498 1415 ἡγεμονίας
545 1345 731 1398 ἐθνῶν
783 1348 1010 1414 ἔμελλεν
1064 1346 1396 1413 αιρήσεσθαι
1437 1340 1743 1407 ΜΙουδαιους
1788 1347 1895 1414 πρὸ

192 1432 499 1503 Ρωμαίων;
548 1431 669 1486 ἀλλ’
714 1433 850 1503 ἀλκῇ
900 1434 1193 1503 σωμάτων;
1256 1434 1439 1502 <331>
1486 1432 1575 1486 καὶ
1625 1435 1734 1502 μὴν
1783 1439 1895 1486 ἴστε
1921 1455 1964 1488 15
2031 1470 2032 1481 κ

201 1525 525 1592 Γερμανοὺς
575 1524 944 1585 δουλεύοντας
994 1523 1140 1592 ἡμῖν.
1220 1523 1511 1592 ὀχυρότητι
1563 1520 1625 1575 δε
1675 1532 1893 1592 τειχων;

201 1609 292 1664 καὶ
330 1613 388 1664 τί
430 1613 616 1679 μεῖζον
658 1610 908 1664 ὠκεανοῦ
947 1622 1124 1681 τεῖχος
1162 1613 1415 1680 κώλυμα,
1468 1611 1534 1664 ὃν
1573 1614 1896 1681 περιβεβλη-

201 1697 360 1768 μένοι
384 1697 687 1769 Βρεττανοὶ
711 1700 777 1752 τά
803 1697 1081 1768 Ῥωμαίων
1107 1700 1248 1753 ὅπλα
1270 1708 1673 1769 προσκυνοῦσι;
1709 1699 1892 1767 <332>

200 1791 460 1859 καρτερίᾳ
506 1794 685 1858 ψυχῆς
722 1786 812 1840 καὶ
859 1790 1171 1861 πανουργία
1210 1798 1556 1858 στρατηγῶν;
1610 1788 1749 1841 ἀλλὰ
1787 1789 1898 1858 μὴν

201 1875 383 1946 ᾔδειτε
431 1874 522 1929 καὶ
571 1879 993 1947 Καρχηδονίους
1046 1876 1293 1939 ἁλόντας.
1370 1878 1553 1947 <333>
1599 1884 1898 1946 τοιγαροῦν
1923 1899 1965 1932 20

201 1966 342 2034 ὑμᾶς
393 1964 644 2035 ἐπήγειρε
691 1966 829 2019 κατὰ
861 1964 1141 2035 Ῥωμαίων
1179 1966 1212 2035 ἡ
1246 1965 1528 2035 Ῥωμαίων
1577 1971 1897 2035 φιλανθρω-

201 2057 324 2121 πία,
374 2055 433 2106 οἳ
466 2063 688 2122 πρῶτον
727 2051 829 2122 μὲν
868 2055 1002 2123 ὑμῖν
1041 2058 1142 2124 τήν
1182 2075 1239 2108 τε
1279 2056 1466 2125 χώραν
1508 2056 1705 2123 ἔδομεν
1745 2053 1900 2122 νέμε-

203 2147 338 2194 σθαι
392 2140 484 2194 καὶ
537 2146 783 2211 βασιλεῖς
844 2143 1164 2212 ὁμοφύλους
1229 2143 1634 2212 ἐπεστήσαμεν,
1705 2142 1902 2211 <334>

202 2231 388 2282 ἔπειτα
427 2232 557 2293 τοὺς
595 2234 860 2301 πατρίους
897 2235 1107 2300 νόμους
1146 2232 1514 2301 ἐτηρήσαμεν,
1565 2230 1653 2284 καὶ
1698 2234 1792 2298 ζῆν
1833 2231 1900 2284 οὐ

202 2321 378 2386 μόνον
409 2314 539 2371 καθ’
571 2317 801 2382 ἑαυτοὺς
833 2320 970 2372 ἀλλὰ
1002 2319 1095 2374 καὶ
1126 2324 1265 2390 πρὸς
1295 2323 1424 2384 τοὺς
1456 2322 1659 2383 ἄλλους
1690 2319 1898 2390 ἐπετρέ-
1927 2341 1968 2373 25

204 2415 383 2475 ψαμεν
430 2407 503 2469 ὡς
550 2406 877 2476 ἐβούλεσθε·
935 2409 1119 2478 <335>
1159 2411 1221 2463 τὸ
1264 2407 1324 2462 δὲ
1364 2408 1652 2478 μέγιστον,
1701 2410 1902 2476 δασμο-

203 2499 391 2561 λογεῖν
429 2493 490 2548 θ’
526 2497 661 2565 ὑμῖν
701 2495 789 2549 ε’πὶ
828 2505 902 2569 τῷ
943 2503 1060 2568 θεῷ
1110 2497 1201 2551 καὶ
1242 2497 1575 2567 ἀναθήματα
1615 2495 1903 2564 συλλέγειν

203 2582 604 2652 ἐπετρέψαμεν,
644 2583 735 2637 καὶ
774 2588 903 2647 τοὺς
938 2594 1111 2639 ταῦτα
1145 2586 1418 2656 φέροντας
1450 2582 1567 2639 οὔτ’
1610 2584 1905 2653 ἐνουθετή-

204 2685 377 2741 σαμεν
425 2669 542 2726 οὔτ’
588 2673 971 2743 ἐκωλύσαμεν,
1021 2672 1094 2727 ἵν’
1151 2674 1285 2743 ἡμῖν
1336 2673 1578 2742 γένησθε
1629 2675 1905 2727 πλουσιώ-

202 2779 352 2830 τεροι
407 2760 691 2831 πολέμιοι,
753 2760 844 2814 καὶ
899 2763 1400 2831 παρασκευάσησθε
1454 2772 1569 2824 τοῖς
1624 2761 1904 2831 ἡμετέροις
1931 2785 1973 2816 30

203 2852 441 2918 χρήμασι
474 2848 605 2903 καθ’
644 2851 817 2920 ἡμῶν.
866 2852 1048 2920 <336>
1081 2854 1265 2904 ἔπειτα
1296 2852 1638 2920 τηλικούτων
1675 2850 1906 2918 ἀγαθῶν
