2032 3128
161 245 192 282 4

230 97 333 149 146
653 100 778 142 ΤΟΥ
807 100 1145 142 ΙοΤΔΑῙΚοΤ
1175 100 1483 143 ΠΟΛΕΜΟΥ

335 231 517 300 <123>
579 240 678 285 τοῦ
740 229 800 285 δὲ
857 241 1249 300 στρατιωτικοῦ
1302 235 1505 296 παντὸς
1559 235 1638 286 ἔτι
1691 235 1908 303 νύκτωρ
1993 283 2004 302 Ι,

201 320 356 396 ,κατὰ
396 322 597 388 λόχους
634 319 726 373 καὶ
771 319 948 384 τάξεις
992 321 1100 374 ὑπὸ
1147 330 1264 384 τοῖς
1301 320 1531 390 ἡγεμόσι
1570 321 1909 389 προεξωδευ-

221 408 380 469 κότος
429 406 519 460 καὶ
568 406 693 477 περὶ
738 409 920 474 θύρας
966 409 1127 471 ὄντος
1173 408 1241 462 οὐ
1286 418 1396 462 τῶν
1450 410 1566 461 ἅνω
1614 407 1911 474 βασιλείων
1999 416 2002 418 ’

220 494 360 547 ἀλλά
402 499 642 560 πλησίον
689 501 787 545 τοῦ
838 502 933 559 τῆς
959 493 1164 554 Ἴσιδος
1203 497 1355 561 ἱεροῦ
1410 492 1593 562 <124>
1632 492 1771 564 (ἐκεῖ
1805 495 1909 565 γὰρ

220 581 563 633 ἀνεπαύοντο
603 586 699 648 τῆς
738 581 935 642 νυκτὸς
975 579 1185 648 ἐκείνης
1217 581 1275 632 015
1307 579 1746 652 αὐτοκράτορες),
1784 581 1911 650 περὶ
1959 605 1981 639 5

222 667 396 737 αὐτὴν
443 665 755 738 ἀρχομένην
805 668 911 736 ἤδη
959 669 1060 736 τὴν
1106 667 1177 720 ἕω
1225 671 1486 737 προίασιν
1531 667 1912 734 ’ὃεσπασιανὸς

219 755 311 810 καὶ
373 759 530 818 Τίτος
585 756 769 826 δάφνῃ
824 752 925 823 μὲν
980 755 1451 823 ἐστεφανωμένοι,
1509 766 1800 827 πορφυρᾶς
1854 757 1904 811 δ’

221 844 459 913 ἐσθῆτας
497 846 760 911 πατρίους
798 843 1193 912 ἀμπεχόμενοι,
1234 841 1325 895 καὶ
1363 846 1626 912 παρίασιν
1667 847 1745 907 εἰς
1782 849 1912 908 τοὺς

209 932 492 995 Ὀκταείας
531 933 886 1002 περιπάτους·
927 931 1108 998 <125>
1151 931 1396 984 ἐνταῦθα
1436 932 1540 1002 γὰρ
1573 932 1607 1000 ἥ
1638 951 1695 984 τε
1735 933 1910 1001 βουλὴ

220 1019 312 1074 καὶ
351 1022 418 1074 τά
464 1018 591 1087 τέλη
640 1028 750 1072 τῶν
797 1019 1081 1089 ἀρχόντων
1121 1020 1180 1072 οἵ
1213 1017 1260 1072 τ’
1299 1018 1404 1072 ἀπὸ
1445 1028 1556 1072 τῶν
1594 1020 1911 1089 τιμημάτων
1937 1045 1982 1077 10

224 1110 403 1172 ἱππεῖς
449 1109 550 1176 τὴν
598 1107 787 1177 ἄφιξιν
834 1107 1016 1160 αὐτῶν
1065 1106 1347 1176 ἀνέμενον.
1427 1108 1607 1175 <126>
1651 1112 1912 1178 πεποίητο

222 1195 284 1250 δὲ
323 1201 469 1267 βῆμα
507 1198 615 1266 πρὸ
654 1204 766 1249 τῶν
806 1205 1008 1265 στοῶν,
1057 1197 1273 1266 δίφρων
1313 1196 1501 1259 αὐτοῖς
1540 1195 1914 1266 ἐλεφαντίνων

223 1284 308 1339 ἐπ’
352 1285 522 1339 αὐτοῦ
572 1282 866 1354 κειμένων,
912 1281 997 1354 ἐφ’
1046 1284 1143 1348 οὓς
1188 1287 1562 1355 παρελθόντες
1608 1283 1914 1353 ἐκαθέσθη-

224 1387 353 1441 σαν,
398 1371 489 1426 καὶ
536 1374 598 1426 τὸ
654 1375 1045 1440 στρατιωτικὸν
1085 1371 1297 1435 εὐθέως
1337 1372 1663 1442 ἐπευφήμει,
1709 1374 1915 1436 πολλὰς

222 1462 411 1524 αὐτοῖς
468 1467 562 1528 τῆς
623 1459 817 1530 ἀρετῆς
877 1462 1181 1531 μαρτυρίας
1244 1460 1605 1523 ἀποδιδόντες
1666 1462 1913 1524 ἅπαντες.
1939 1484 1983 1517 15

221 1549 466 1602 κάκεῖνοι
506 1547 674 1618 χωρὶς
713 1549 901 1603 ὅπλων
939 1545 1081 1617 ἦσαν
1121 1548 1182 1602 έν
1223 1548 1422 1618 ἐσθῆσι
1463 1559 1730 1618 σηρικαῖς,
1771 1548 1915 1603 ε’στε-

221 1637 543 1707 φανωμένοι
591 1638 843 1707 δάφναις,
922 1638 1104 1707 <127>
1155 1637 1450 1707 δεξάμενος
1496 1635 1547 1690 δ’
1584 1638 1768 1691 αὐτῶν
1813 1639 1916 1707 τὴν

222 1726 503 1795 εὐφημίαν
537 1723 943 1793 ’ὃεσπασιανός,
985 1728 1062 1779 ἔτι
1101 1724 1462 1795 βουλομένων
1501 1725 1683 1794 λέγειν
1722 1728 1783 1780 τὸ
1823 1733 1918 1795 τῆς

224 1822 380 1882 σιγῆς
419 1813 713 1883 ἐποιήσατο
756 1815 1058 1884 σύμβολον,
1101 1813 1282 1883 <128>
1323 1812 1414 1867 καὶ
1453 1819 1659 1884 πολλῆς
1691 1814 1751 1868 ἐκ
1781 1815 1916 1868 πάν-

221 1922 335 1955 των
375 1901 604 1972 ἡσυχίας
642 1901 940 1971 γενομένης
979 1902 1241 1971 ἀναστάς,
1291 1901 1383 1955 καὶ
1428 1909 1503 1975 τςό
1552 1905 1916 1973 περιβλήματι
1942 1928 1986 1960 20

224 1993 285 2044 τὸ
332 1990 501 2043 πλέον
548 1998 642 2059 τῆς
686 1995 927 2060 κεφαλῆς
977 1990 1142 2062 μέρος
1193 1991 1701 2061 ἐπικαλυψάμενος,
1757 1992 1918 2061 εὐχὰς

226 2079 515 2146 ἐποιήσατο
556 2080 652 2142 τὰς
691 2079 1104 2149 νενομισμένας.
1161 2080 1363 2149 ὁμοίως
1404 2077 1465 2133 δὲ
1503 2078 1593 2134 καὶ
1632 2083 1791 2143 Τίτος
1820 2081 1918 2149 ηὕ-

225 2169 368 2233 ξατο.
445 2170 627 2238 <129>
683 2171 816 2238 μετὰ
873 2167 934 2223 δὲ
987 2171 1083 2233 τὰς
1133 2170 1297 2240 εὐχὰς
1346 2172 1423 2233 εἰς
1473 2171 1665 2223 κοινὸν
1715 2170 1919 2223 ἅπασιν

218 2255 601 2320 ’ὃεσπασιανὸς
639 2258 845 2327 βραχέα
886 2259 1223 2329 διαλεχθείς,
1275 2261 1407 2322 τοὺς
1445 2256 1546 2328 μὲν
1586 2259 1920 2333 στρατιώτας

225 2345 500 2399 ἀπέλυσεν
539 2344 628 2399 ἐπὶ
659 2348 719 2400 τὸ
752 2347 1156 2416 νενομισμένον
1188 2348 1417 2416 ἄριστον
1450 2334 1636 2410 αὐτοῖς
1666 2347 1774 2401 ὑπὸ
1807 2356 1918 2400 τῶν
1943 2368 1988 2401 25

225 2434 649 2505 αὐτοκρατόρων
683 2434 1069 2506 εὐτρεπισθέν,
1108 2436 1291 2505 <130>
1329 2438 1466 2505 πρὸς
1506 2434 1567 2489 δὲ
1605 2437 1706 2504 τὴν
1737 2436 1919 2504 πύλην

226 2523 392 2586 αὐτὸς
430 2522 696 2594 ἀνεχώρει
735 2525 836 2593 τὴν
877 2525 981 2578 ἀπὸ
1022 2532 1121 2578 τοῦ
1160 2524 1474 2593 πέμπεσθαι
1514 2520 1587 2578 δι’
1632 2525 1799 2593 αὐτῆς
1834 2521 1920 2576 ἀεὶ

224 2613 354 2674 τοὺς
375 2612 690 2682 θριάμβους
711 2611 1200 2684 τ’ῆςῖπροσηγορίας
1222 2609 1316 2666 ἀπ’
1339 2613 1524 2667 αὐτῶν
1541 2621 1920 2682 τετυχηκυῖαν.

224 2700 406 2768 <131>
445 2699 935 2771 ἐνταῦθαζτροφῆς
971 2703 1477 2772 προαπογεύονται,
1527 2699 1619 2754 καὶ
1659 2702 1754 2763 τὰς
1791 2706 1920 2770 θρι-

224 2789 457 2857 αμβικὰς
494 2787 732 2859 ἐσθῆτας
770 2789 1196 2859 ἀμφιεσάμενοι,
1233 2799 1348 2853 τοῖς
1385 2809 1442 2843 τε
1481 2787 1916 2860 παριδρυμένοις
1939 2811 1986 2842 30

223 2885 288 2947 τῇ
328 2879 474 2948 πύλῃ
520 2879 796 2941 θύσαντες
834 2883 1013 2947 θεοῖς,
1067 2881 1309 2948 ἔπεμπον
1347 2879 1444 2931 τὸν
1483 2880 1781 2948 θρίαμβον.
1823 2878 1917 2930 διὰ
