2032 3128
684 161 786 201 ΕΙΣ
817 159 1252 203 ΜΑΚΚΑΒΑῙΟΤΣ
1315 131 1324 139 ’
1699 156 1807 209 325

244 293 424 360 (215)
471 291 601 345 ἀνθ’
642 288 719 346 ὧν
766 294 858 346 διὰ
904 295 1005 362 τὴν
1052 293 1336 362 εὐσέβειαν
1382 292 1697 362 προϊέμενοι
1742 293 1806 344 τὰ
1843 305 1896 343 18

135 382 354 449 σώματα
393 390 508 443 τοῖς
544 383 735 444 πόνοις
775 381 975 435 ἐκεῖνοι
1007 382 1075 434 οὐ
1106 385 1279 451 μόνον
1310 382 1417 435 ὑπὸ
1448 390 1559 435 τῶν
1590 379 1809 450 ἀνθρώ-

131 488 251 522 πων
291 468 767 537 ἐθαυμάσθησαν,
792 469 930 523 ἀλλὰ
968 469 1058 523 καὶ
1096 473 1255 532 θείας
1292 472 1514 539 μερίδος
1551 468 1808 538 κατηξιώ-

131 563 335 626 θησαν,
389 555 480 609 καὶ
528 555 604 610 δι’
640 558 842 621 αὐτοὺς
888 559 1173 628 εἰρήνευσε
1219 560 1280 611 τὸ
1328 561 1520 627 ἔθνος,
1575 559 1664 611 καὶ
1710 559 1810 626 τὴν

87 666 108 698 5
132 646 398 714 εὐνομίαν
436 646 537 714 τὴν
577 644 664 699 ἐπὶ
702 653 798 714 ’τῆς
842 648 1104 715 πατρίδος
1145 646 1590 716 ἀνανεωσάμενοι
1630 646 1811 710 ἐξεπο-

131 737 430 803 λιόρκησαν
484 737 612 796 τοὺς
671 738 981 802 πολεμιόυς.
1073 736 1253 803 <216>
1314 734 1404 788 καὶ
1460 735 1490 789 ὁ
1543 736 1813 803 τύραννος

122 818 400 891 Ἀντίοχος
437 820 528 875 καὶ
568 820 656 875 ἐπὶ
702 831 802 890 γῆς
839 823 1197 892 τετιμώρηται
1242 822 1333 875 καὶ
1380 823 1683 877 ἀποθανὼν
1722 841 1812 875 κο-

132 912 360 975 λάζεται.
437 910 510 972 ὡς
562 911 666 979 γὰρ
715 908 880 964 οὐδὲν
930 912 1185 979 οὐδαμῶς
1240 917 1463 981 ἴσχυσεν
1510 910 1813 978 ἀναγκάσαι

130 1002 260 1062 τοὺς
311 997 747 1068 Ἱεροσολυμίτας
808 999 1190 1068 ἀλλοφυλῆσαι
1251 997 1343 1052 καὶ
1402 1009 1514 1052 τῶν
1570 1001 1813 1067 πατρίων

67 1106 107 1138 10
133 1087 283 1140 ἐθῶν
323 1086 763 1155 ἐκδιαιτηθῆναι,
810 1090 930 1140 τότε
971 1086 1182 1155 ἀπάρας
1220 1086 1326 1140 ἀπὸ
1364 1096 1475 1140 τῶν
1514 1085 1813 1155 Ἱεροσολύ-

132 1196 252 1245 μων
291 1175 652 1244 ἐστράτευσεν
693 1174 778 1228 ἐπὶ
819 1175 1054 1242 Πέρσας.

244 1265 423 1332 <217>
475 1266 625 1332 ἔλεγε
681 1261 742 1316 δὲ
795 1264 828 1332 ἡ
884 1267 1058 1332 μήτηρ
1114 1274 1222 1317 τῶν
1272 1262 1403 1317 ἑπτὰ
1457 1264 1674 1316 παίδων
1726 1262 1816 1316 καὶ

130 1362 303 1406 ταῦτα
337 1354 523 1405 δίκαια
554 1363 670 1415 τοῖς
706 1351 938 1419 τέκνοις,
978 1354 1061 1405 ὅτι
1094 1353 1199 1421 ἐγὼ
1233 1353 1508 1421 ἐγενήθην
1539 1350 1818 1422 παρθένος

132 1441 298 1509 ἁγνή,
349 1437 482 1494 οὐδὲ
528 1439 804 1509 ὑπερέβην
850 1443 1114 1510 πατρικὸν
1162 1437 1337 1509 οἷκον,
1392 1440 1709 1509 ἐφύλασσον
1757 1437 1817 1493 δὲ

63 1548 106 1580 15
131 1531 231 1599 τὴν
263 1528 695 1602 ςόκοδομημένην
727 1529 987 1596 πλευράν.
1058 1529 1125 1583 οὐ
1166 1527 1461 1597 διέφθειρέ
1493 1549 1558 1597 με
1598 1529 1820 1598 λυμεὼν

131 1619 355 1687 ἐρημίας
408 1619 659 1687 φθορεὺς
714 1617 774 1670 ἐν
820 1619 1019 1690 πεδίῳ,
1075 1616 1194 1670 οὐδ’
1237 1617 1544 1686 ἐλυμήνατό
1600 1637 1708 1686 μου
1754 1619 1818 1670 τὰ

129 1705 270 1774 ἁγνὰ
324 1714 418 1774 τῆς
470 1709 777 1774 παρθενίας
826 1707 1044 1775 λυμεὼν
1092 1706 1367 1774 ἀπατηλὸς
1412 1707 1551 1774 ὄφις.
1636 1706 1817 1775 <218>

128 1796 316 1863 ἔμεινα
363 1791 424 1847 δὲ
470 1798 677 1864 χρόνον
724 1794 896 1863 ἀκμῆς
943 1797 1047 1847 σὺν
1095 1794 1289 1864 ἀνδρί·
1335 1795 1548 1847 τούτων
1589 1791 1650 1847 δὲ
1697 1794 1818 1863 ἐνη-

128 1886 296 1935 λίκων
334 1881 651 1950 γενομένων
691 1882 1041 1951 ἐτελεύτησεν
1079 1883 1108 1936 ὁ
1155 1885 1361 1957 πατήρ,
1404 1886 1680 1950 μακαρίως
1718 1880 1818 1952 μὲν

61 1989 104 2020 20
130 1969 340 2032 ἐκεῖνος
379 1967 503 2041 (τὸν
542 1971 646 2039 γὰρ
686 1978 781 2038 τῆς
820 1970 1100 2033 εὐτεκνίας
1138 1973 1263 2039 βίον
1297 1970 1551 2039 ἐπιζήσας
1589 1972 1687 2024 τὸν
1725 1978 1820 2040 τῆς

127 2057 377 2120 ἀτεκνιάς
424 2059 525 2111 οὐκ
572 2059 838 2128 ὠδυνήθη
890 2057 1136 2131 καιρόν)·
1191 2060 1372 2128 <219>
1421 2059 1482 2122 ὃς
1527 2059 1818 2112 ἐδίδασκεν

123 2146 281 2215 ἡμᾶς,
321 2149 398 2199 ἔτι
439 2147 516 2199 ὢν
551 2150 656 2200 σὺν
687 2147 840 2216 ἡμῖν,
878 2149 976 2201 τὸν
1006 2150 1183 2216 νόμον
1221 2146 1310 2201 καὶ
1351 2150 1480 2210 τοὺς
1517 2151 1817 2217 προφήτας.

123 2237 221 2288 τὸν
269 2234 636 2304 ἀναιρεθέντα
687 2233 847 2305 Ἀβὲλ
901 2235 1009 2289 ὑπὸ
1063 2244 1162 2290 τοῦ
1214 2237 1361 2289 Κάιν
1409 2236 1814 2305 ἀνεγίγνωσκεν

122 2323 275 2391 ἡμῖν,
321 2322 411 2376 καὶ
451 2325 548 2377 τὸν
589 2324 1067 2394 ὁλοκαυτούμενον
1100 2323 1308 2390 Ἰσαάκ,
1356 2326 1456 2378 τὸν
1495 2325 1556 2378 ἐν
1594 2329 1813 2395 φυλακῇ

54 2431 98 2464 25
119 2408 336 2480 Ἰωσήφ.
398 2413 578 2481 <220>
610 2414 763 2482 ἔλεγε
805 2411 852 2465 δ’
884 2413 1018 2483 ἡμῖν
1049 2415 1146 2467 τὸν
1181 2415 1424 2483 ζηλωτὴν
1452 2411 1667 2482 Φινεές,
1708 2414 1818 2466 ἐδί-

123 2501 291 2553 δασκε
348 2498 409 2553 δὲ
463 2501 604 2570 ἡμᾶς
649 2505 780 2564 τοὺς
827 2501 887 2554 ἐν
932 2490 1069 2570 πυρὶ
1118 2498 1378 2556 Ἀνανιάν
1424 2501 1515 2555 καὶ
1563 2500 1817 2572 Ἀζαρίαν

121 2587 211 2641 καὶ
258 2591 514 2658 Μισαήλ,
570 2589 789 2654 ἐδόξαζε
836 2587 899 2643 δὲ
951 2588 1041 2642 καὶ
1088 2592 1187 2644 τὸν
1235 2590 1296 2643 ἐν
1343 2591 1524 2662 λάκκῳ
1573 2593 1855 2651 λεόντων,

121 2681 368 2746 Δανιήλ,
418 2678 485 2731 ὃν
524 2678 861 2749 ἐμακάριζεν.
937 2679 1120 2748 <221>
1159 2679 1534 2749 ὑπεμίμνησκε
1577 2676 1639 2732 δὲ
1677 2680 1818 2748 ἡμᾶς

120 2766 222 2834 τὴν
271 2761 502 2820 Ἡσαΐου
555 2769 777 2837 γραφὴν
830 2768 932 2836 τὴν
987 2767 1262 2836 λέγουσαν
1317 2767 1448 2821 εκὸὶν
1496 2769 1588 2820 διὰ
1643 2770 1818 2836 πυρὸς

52 2873 97 2904 30
123 2853 369 2925 διέλθῃς,
407 2855 545 2925 φλὸξ
581 2856 649 2908 οὐ
680 2857 1009 2909 κατακαύσει
1044 2857 1138 2910 σε.’
1200 2858 1378 2924 <222>
1411 2857 1507 2909 τὸν
1540 2857 1818 2926 ὑμνογρά-

119 2963 230 3011 φον
264 2943 525 3016 ἐμελῴδει
563 2945 696 3014 ἡμῖν
724 2946 926 3014 Δαυίδ,
967 2944 1198 3014 λέγοντα
1239 2944 1464 2999 “πολλαὶ
1498 2946 1560 2998 αἱ
1593 2948 1817 3009 θλίψεις
