2032 3128
205 80 279 133 40
635 81 761 123 TOT
790 81 1132 123 ΙΟΤΔΑΙΚΟΤ
1162 81 1471 122 ΠΟΛΕΜΟΥ

206 212 296 267 ε’πὶ
334 215 432 268 τὸν
462 212 709 268 Ἱππικὸν
739 215 956 284 πύργον
988 215 1220 281 εἰσῆκτο.
1289 213 1471 282 <305>
1503 213 1892 282 προπηδῶντές

206 321 264 354 τε
311 300 573 364 πολλάκις
619 299 679 354 ἐκ
723 311 834 355 τῶν
881 305 1072 354 πυλῶν
1114 301 1395 370 συστάδην
1435 300 1756 371 ἐπολέμουν,
1802 300 1893 354 καὶ

207 389 648 458 συνδιωχθέντες
687 389 774 443 ε’πὶ
812 398 912 444 τοῦ
950 392 1168 460 τείχους
1204 391 1340 442 κατὰ
1379 387 1479 459 μὲν
1518 390 1614 453 τὰς
1653 394 1894 458 συμπλο-

206 477 304 540 κὰς
348 477 617 546 ἡττῶντο,
663 486 760 547 τῆς
798 477 1076 548 Ῥωμαίων
1118 477 1413 547 ἐπιστήμης
1461 480 1614 541 ὄντες
1661 479 1892 548 ἄπειροι,

207 574 475 635 περιῆσαν
509 565 561 619 δ’
585 566 644 619 ἐν
676 577 794 629 ταῖς
831 568 1211 637 τειχομαχίαις.
1281 566 1461 635 <306>
1495 564 1588 619 καὶ
1625 569 1756 629 τοὺς
1793 564 1892 635 μὲν
1938 587 1960 621 5

212 655 367 722 ι’σχὺς
413 652 526 723 μετ’
560 654 839 723 ἐμπειρίας
884 657 1230 724 παρεκρότει,
1270 653 1576 717 Ἰουδαίους
1615 652 1676 707 δὲ
1722 658 1894 724 τόλμα

210 740 323 795 δέει
354 741 662 812 τρεφομένη
701 742 791 796 καὶ
823 745 885 796 τὸ
917 744 1083 813 φύσει
1121 745 1445 813 καρτερικὸν
1477 742 1537 796 ἐν
1570 752 1893 813 συμφοραῖς.

207 838 421 900 προσῆν
470 830 521 883 δ’
559 830 709 894 ἐλπὶς
763 834 842 884 ἔτι
890 835 1183 901 σωτηρίας,
1238 831 1272 900 ’ἢ
1326 830 1416 884 καὶ
1461 829 1745 900 Ῥωμαίοις
1797 839 1895 885 τοῦ

207 917 410 988 ταχέως
457 921 776 989 κρατήσειν·
826 920 1006 989 <307>
1046 919 1354 990 οὐδετέρων
1395 918 1442 972 δ’
1475 921 1672 988 ἥπτετο
1711 922 1896 987 κόπος,

207 1007 347 1060 ἀλλὰ
393 1007 699 1078 προσβολαὶ
745 1007 836 1062 καὶ
879 1012 1219 1079 τειχομαχίαι
1264 1007 1356 1061 καὶ
1402 1009 1537 1061 κατὰ
1576 1011 1774 1078 λόχους
1813 1007 1897 1060 ἐκ-
1923 1031 1966 1063 10

209 1094 412 1165 δρομαὶ
453 1106 700 1166 συνεχεῖς
735 1092 808 1150 δι’
839 1097 968 1166 ὅλης
1006 1097 1209 1165 ἡμέρας
1247 1093 1406 1165 ἦσαν,
1447 1095 1571 1150 οὐδ’
1601 1099 1750 1150 ἔστιν
1781 1097 1899 1165 ἥτις

210 1182 332 1237 ι’δέα
378 1186 553 1255 μάχης
601 1185 934 1239 ἀπελείπετο.
1010 1186 1189 1255 <308>
1229 1185 1330 1249 νὺξ
1373 1184 1425 1238 δ’
1459 1185 1695 1238 ἀνέπαυε
1743 1188 1900 1254 μόλις

207 1271 388 1326 ἕωθεν
428 1272 790 1344 ἀρχομένους·
838 1271 909 1343 ἦν
949 1271 998 1327 δ’
1029 1276 1240 1336 ἄυπνος
1279 1272 1633 1343 ἀμφοτέροις,
1676 1272 1767 1326 καὶ
1806 1294 1900 1343 χα-

207 1360 487 1431 λεπωτέρα
525 1370 621 1432 τῆς
658 1361 888 1433 ἡμέρας,
930 1362 1041 1416 δέει
1078 1372 1191 1416 τῶν
1230 1359 1331 1431 μὲν
1373 1363 1507 1416 ὅσον
1547 1363 1700 1416 οὔπω
1740 1381 1900 1415 κατα-

208 1451 601 1519 ληφθήσεσθαι
639 1453 701 1503 τὸ
741 1460 935 1520 τεῖχος,
973 1460 1085 1504 τῶν
1119 1450 1170 1503 δ’
1193 1450 1563 1520 ἐπιθήσεσθαι
1596 1448 1901 1513 Ἰουδαίους
1925 1473 1970 1506 15

206 1549 322 1602 τοῖς
354 1537 758 1609 στρατοπέδοις.
800 1541 860 1591 ε”ν
885 1559 942 1592 τε
975 1549 1089 1603 τοῖς
1122 1539 1312 1602 ὅπλοις
1344 1537 1589 1610 ἑκάτεροι
1619 1540 1901 1592 διανυκτε-

207 1627 464 1694 ρεύοντες
510 1627 618 1680 ὑπὸ
659 1629 754 1690 τὰς
798 1629 1017 1697 πρώτας
1065 1629 1238 1697 αὐγὰς
1285 1627 1493 1697 ἕτοιμοι
1538 1630 1676 1698 πρὸς
1721 1628 1901 1697 μάχην

205 1711 363 1783 ἦσαν.
439 1716 623 1786 <309>
670 1715 762 1770 καὶ
808 1718 956 1785 παρὰ
1003 1715 1105 1786 μὲν
1146 1715 1435 1779 Ἰουδαίοις
1482 1719 1596 1787 ἔρις
1641 1712 1711 1785 ἦν
1755 1716 1903 1779 ὅστις

204 1806 684 1874 προκινδυνεύσας
737 1809 1021 1875 χαρίσαιτο
1076 1815 1191 1869 τοῖς
1246 1806 1503 1875 ἡγεμόσι,
1557 1806 1793 1874 μάλιστα
1840 1803 1902 1858 δὲ

204 1900 305 1946 τοῦ
345 1895 604 1962 Σίμωνος
652 1895 821 1957 αἰδὼς
866 1890 938 1963 ἧν
976 1893 1067 1947 καὶ
1117 1895 1265 1963 δέος,
1313 1895 1457 1948 οὕτω
1504 1915 1562 1948 τε
1607 1905 1901 1965 προσεῖχεν
1925 1917 1968 1949 20

205 1981 432 2045 ἕκαστος
471 1982 618 2053 αὐτῷ
659 1991 771 2035 τῶν
810 1982 1268 2052 ὑποτεταγμένων
1309 1984 1382 2046 ὡς
1427 1982 1520 2036 καὶ
1566 1985 1703 2053 πρὸς
1742 1983 1902 2036 αὐτο-

206 2073 419 2138 χειρίαν
445 2068 793 2139 ἑτοιμότατος
821 2067 964 2125 εἶναι
994 2073 1371 2135 κελεύσαντος.
1418 2072 1602 2140 <310>
1620 2070 1904 2141 Ῥωμαίοις

207 2155 257 2209 δ’
295 2155 380 2211 ἐπ’
422 2158 686 2227 ἀνδρείαν
725 2156 796 2228 ἦν
835 2161 1117 2230 προτροπὴ
1164 2163 1228 2214 τό
1266 2181 1323 2214 τε
1363 2168 1462 2214 τοῦ
1509 2170 1733 2231 κρατεῖν
1772 2163 1904 2223 ἔθος

205 2244 297 2299 καὶ
343 2246 376 2315 ἡ
425 2255 520 2316 τῆς
573 2249 737 2316 ῆττης
793 2248 1019 2317 ἀήθεια,
1077 2258 1327 2319 συνεχεῖς
1372 2269 1431 2302 τε
1478 2259 1758 2318 στρατεῖαι
1810 2249 1903 2303 καὶ

207 2336 479 2403 διηνεκεῖς
510 2335 750 2405 μελέται,
789 2335 881 2390 καὶ
913 2336 1152 2406 μέγεθος
1181 2337 1498 2407 ἡγεμονίας,
1536 2340 1642 2407 πρὸ
1676 2335 1737 2391 δὲ
1768 2339 1903 2391 πάν-
1929 2359 1971 2392 25

204 2442 316 2475 των
357 2427 515 2487 Τίτος
557 2423 643 2477 ἀεὶ
689 2433 823 2478 πᾶσι
862 2435 1144 2496 πανταχοῦ
1190 2427 1644 2497 παρατυγχάνων.
1721 2427 1902 2493 <311>

205 2514 267 2564 τό
307 2531 364 2565 τε
406 2513 510 2582 γὰρ
551 2517 966 2582 μαλακισθῆναι
1011 2517 1285 2584 παρόντος
1330 2513 1422 2568 καὶ
1463 2513 1902 2583 συναγωνιζομέ-

205 2620 310 2653 νου
344 2603 628 2671 Καίσαρος
668 2603 857 2656 δεινὸν
898 2603 1104 2672 ἐδόκει,
1150 2602 1243 2656 καὶ
1281 2611 1357 2675 τῷ
1404 2607 1584 2666 καλῶς
1631 2602 1904 2671 ἀγωνισα-

205 2687 354 2761 μένῳ
401 2690 610 2759 μάρτυς
656 2691 822 2754 αὐτὸς
861 2692 890 2745 ὁ
931 2690 1021 2744 καὶ
1070 2694 1318 2762 τιμήσων
1356 2699 1566 2762 παρῆν·
1613 2689 1807 2760 κέρδος
1848 2689 1896 2744 δ’

204 2772 274 2844 ἦν
328 2778 435 2846 ἤδη
489 2777 582 2832 καὶ
636 2781 697 2833 τὸ
753 2786 1081 2849 γνωσθῆναι
1137 2783 1379 2850 Καίσαρι
1439 2789 1701 2849 γενναῖον
1757 2783 1904 2834 ὄντα.
1929 2802 1972 2835 30

206 2865 299 2917 διὰ
339 2873 501 2920 τοῦτο
541 2867 740 2922 πολλοὶ
787 2877 882 2938 τῆς
934 2871 1070 2923 κατὰ
1117 2878 1263 2939 σφᾶς
1311 2870 1499 2939 ἰσχύος
1543 2869 1802 2939 ἀμείνους
1840 2877 1903 2938 τῆ
