2032 3128
211 119 320 171 290
508 120 668 161 ΚΑΤΑ
697 119 974 161 ΑΠΙΩΝΟΣ
1035 119 1247 161 ΛΟΓΟΣ
1278 120 1597 162 ΔΕΥΤΕΡΟΣ

214 253 590 321 σκευάζοντες,
640 251 999 320 ἀπαραίτητοι
1044 253 1181 321 πρὸς
1225 252 1322 314 τὰς
1366 246 1651 321 τιμωρίας,
1699 251 1896 322 ἀσόφι-

213 357 332 394 στοι
371 343 554 408 λόγων
584 350 969 408 παρασκευαῖς,
1009 349 1124 402 τοῖς
1155 342 1335 408 ἔργοις
1365 339 1450 393 ἀεὶ
1481 341 1895 409 βεβαιούμενοι·

213 439 382 483 ταῦτα
442 430 546 498 γὰρ
611 427 744 498 [ἀεὶ]
805 428 960 497 ἡμεῖς
1023 427 1331 498 παρέχομεν
1391 438 1502 481 τῶν
1563 429 1896 497 γραμμάτων

213 516 590 587 ἐναργέστερα.
658 517 840 585 <293>
872 517 960 570 διό
999 534 1100 583 περ
1134 515 1240 584 ἐγὼ
1272 518 1559 585 θαρσήσας
1589 516 1658 570 ἂν
1690 522 1898 586 εἴποιμι

211 608 481 659 πλείστων
543 606 653 674 ἅμα
714 604 805 658 καὶ
866 607 1176 658 καλλίστων
1237 604 1378 673 ἡμᾶς
1439 606 1725 673 εἰσηγητὰς
1786 614 1900 668 τοῖς

213 696 400 758 ἄλλοις
439 692 742 762 γεγονέναι.
818 696 877 746 τί
913 693 1019 762 γάρ
1059 692 1338 761 εὐσεβείας
1378 691 1732 762 ἀπαραβάτου
1770 695 1899 746 κάλ-

215 787 362 846 λιον;
411 785 469 835 τί
511 778 573 834 δὲ
618 789 718 834 τοῦ
763 786 1089 850 πειθαρχεῖν
1129 789 1245 843 τοῖς
1288 783 1481 849 νόμοις
1527 781 1898 851 δικαιότερον;

214 870 395 939 <294>
442 869 475 938 ἢ
521 872 580 922 τί
629 858 1060 938 συμφορώτερον
1106 877 1206 922 τοῦ
1259 870 1395 938 πρὸς
1448 868 1721 937 ἀλλήλους
1772 869 1902 938 ὁμο-

213 969 385 1028 νοεῖν,
424 956 515 1011 καὶ
555 953 681 1027 μήτ’
712 957 773 1010 ἐν
806 966 1115 1026 συμφοραῖς
1147 958 1467 1010 διίστασθαι
1500 954 1625 1025 μήτ’
1652 956 1713 1009 ἐν
1744 956 1901 1010 εὐτυ-

213 1051 356 1117 χιάις
418 1046 725 1110 στασιάζειν
781 1045 1184 1115 ἐξυβρίζοντας,
1250 1043 1370 1098 ἀλλ’
1410 1044 1470 1097 ἐν
1524 1044 1744 1116 πολέμςο
1798 1042 1900 1114 μὲν

211 1136 462 1189 θανάτου
509 1143 896 1209 καταφρονεῖν,
945 1133 1005 1187 ἐν
1043 1135 1236 1203 εἰρήνῃ
1285 1130 1346 1186 δὲ
1392 1132 1606 1202 τέχναις
1650 1133 1684 1201 ἢ
1731 1152 1902 1202 γεωρ-

212 1227 356 1293 γιάις
400 1222 783 1293 προσανέχειν,
829 1223 1007 1276 πάντα
1048 1219 1240 1275 δὲκαὶ
1278 1230 1559 1292 πανταχοῦ
1604 1227 1901 1274 πεπεῖσθαι

213 1314 309 1366 τὸν
361 1314 500 1366 θεὸν
554 1311 925 1365 ἐποπτεύοντα
981 1310 1218 1374 διέπειν;
1275 1311 1458 1379 <295>
1504 1307 1657 1363 ταῦτ’
1698 1312 1750 1363 εἰ
1800 1307 1902 1379 μὲν

211 1399 342 1469 παρ’
375 1398 581 1469 ἑτέροις
625 1400 658 1469 ἢ
700 1399 911 1469 ἐγράφη
959 1402 1231 1469 πρότερον
1269 1399 1303 1468 ἢ
1345 1398 1634 1468 ἐφυλάχθη
1684 1401 1903 1468 βεβαιό-

1925 1069 1969 1100 10

213 1508 393 1559 τερον,
429 1489 584 1558 ἡμεῖς
623 1487 693 1541 ἂν
725 1488 957 1551 ἐκείνοις
994 1487 1156 1558 χάριν
1182 1488 1507 1557 ’ὠφείλομεν
1543 1488 1616 1550 ὡς
1654 1485 1898 1557 μαθηταὶ
1924 1508 1968 1541 15

214 1579 524 1645 γεγονότες·
563 1579 615 1630 εἰ
644 1574 706 1630 δὲ
739 1575 832 1630 καὶ
869 1578 1143 1646 χρώμενοι
1175 1577 1409 1645 μάλιστα
1447 1576 1671 1629 πάντων
1703 1578 1900 1645 βλεπό-

213 1671 357 1733 μεθα
403 1664 492 1718 καὶ
531 1667 633 1735 τὴν
670 1667 893 1736 πρώτην
933 1665 1153 1735 εὕρεσιν
1193 1664 1375 1718 αὐτῶν
1414 1663 1683 1734 ἡμετέραν
1723 1660 1913 1718 οὖσαν·

214 1753 581 1822 ἐπεδείξαμεν,
627 1750 889 1816 Ἀπίωνες
942 1750 1044 1822 μὲν
1093 1751 1185 1806 καὶ
1233 1755 1504 1815 Μόλωνες
1557 1751 1647 1806 καὶ
1700 1753 1902 1815 πάντες

211 1842 332 1895 ὅσοι
385 1849 461 1913 τῷ
514 1842 826 1905 ψεύδεσθαι
885 1840 976 1895 καὶ
1037 1842 1317 1910 λοιδορεῖν
1371 1843 1662 1910 χαίρουσιν
1717 1839 1899 1908 ἐξελη-

211 1929 554 2000 λέγχθωσαν,
599 1930 783 1999 <296>
823 1929 912 1984 σοὶ
953 1929 1040 1999 δέ,
1085 1927 1478 1998 Ἐπαφρόδιτε,
1525 1929 1758 1998 μάλιστα
1796 1931 1898 1997 τὴν
1924 1951 1969 1984 20

211 2019 480 2087 ἀλήθειαν
520 2017 827 2088 ἀγαπῶντι,
869 2016 960 2071 καὶ
1001 2019 1093 2071 διὰ
1133 2015 1194 2071 σὲ
1232 2027 1345 2080 τοῖς
1384 2017 1588 2086 ὁμοίως
1625 2019 1898 2086 βουλησο-

211 2105 399 2175 μένοις
443 2105 567 2176 περὶ
613 2114 715 2160 τοῦ
769 2105 965 2176 γένους
1009 2107 1167 2176 ἡμῶν
1214 2105 1446 2175 εἰδέναι,
1493 2108 1656 2160 τοῦτό
1702 2125 1760 2158 τε
1807 2103 1898 2158 καὶ

210 2197 272 2248 τὸ
312 2196 417 2265 πρὸ
458 2195 627 2249 αὐτοῦ
666 2196 970 2266 γεγράφθω
1010 2198 1244 2265 βιβλίον.
