2032 3128
687 102 898 145 ΛΟΓΟΣ
927 101 1217 144 ΕΒΔΟΜΟΣ
1692 98 1796 149 149

117 235 347 304 τράπεζα
386 236 487 303 τὴν
526 235 694 303 ὁλκὴν
732 235 1168 302 πολυτάλαντος,
1214 232 1304 287 καὶ
1345 235 1541 304 λυχνία
1588 240 1799 303 χρυσοῦ

116 321 217 392 μὲν
272 324 472 391 ὁμοίως
524 324 888 392 πεποιημένη,
941 325 1002 377 τὸ
1060 320 1109 376 δ’
1148 325 1312 393 ἔργον
1360 321 1651 389 ἐξήλλακτο
1705 327 1802 386 τῆς

116 413 251 460 κατὰ
297 412 396 476 τὴν
442 410 713 478 ἡμετέραν
757 420 954 481 χρῆσιν
1003 414 1318 480 συνηθείας.
1395 410 1574 478 (149)
1621 408 1650 462 ὁ
1699 405 1800 478 μὲν
1858 422 1862 434 ²

117 497 219 563 γὰρ
268 495 431 564 μέσος
475 490 546 563 ἦν
592 501 729 548 κίων
777 499 836 548 ἐκ
881 506 976 563 τῆς
1030 499 1242 563 βάσεως
1288 499 1568 562 πεπηγώς,
1614 494 1802 551 λεπτοὶ

71 606 90 637 5
118 581 170 636 δ’
211 581 305 636 ἀπ’
343 583 514 636 αὐτοῦ
561 586 870 652 μεμήκυντο
917 586 1231 650 καυλίσκοι,
1279 584 1526 651 τριαίνης
1573 583 1805 651 σχήματι

115 674 501 740 παραπλησίαν
533 673 634 740 τὴν
665 669 828 724 θέσιν
861 673 1091 741 ἔχοντες,
1127 671 1334 740 λύχνον
1366 669 1590 731 ἕκαστος
1620 669 1803 722 αὐτῶν

117 758 202 813 ἐπ’
247 761 433 830 ἄκρων
487 758 942 828 κεχαλκευμένος·
998 757 1129 811 ε”πτά
1185 757 1233 810 δ’
1279 755 1420 827 ἦσαν
1475 753 1655 825 οὗτοι,
1709 766 1805 826 τῆς

114 848 260 915 παρὰ
306 856 422 909 τοῖς
464 845 753 909 Ἰουδαίοις
793 845 1098 916 ἑβδομάδος
1136 847 1237 914 τὴν
1277 848 1439 915 τιμὴν
1480 846 1805 915 ἐμφανίζον-

114 954 213 996 τες.
293 932 477 1004 <150>
519 934 548 987 ὅ
587 954 644 987 τε
691 937 862 1003 νόμος
909 936 937 989 ὁ
978 944 1088 988 τῶν
1121 933 1413 988 Ἰουδαίων
1454 933 1541 987 ἐπὶ
1587 935 1805 997 τούτοις

49 1045 91 1075 10
116 1019 342 1089 ἐφέρετο
382 1030 492 1073 τῶν
532 1022 799 1090 λαφύρων
838 1026 1159 1085 τελευταῖος.
1237 1022 1419 1090 <151>
1462 1021 1548 1076 ἐπὶ
1587 1024 1805 1085 τούτοις

114 1116 368 1178 παρῇσαν
412 1109 608 1163 πολλοὶ
649 1113 826 1179 Νίκης
865 1109 1149 1179 ἀγάλματα
1194 1113 1531 1180 κομίζοντες·
1588 1110 1641 1174 ἐξ
1692 1110 1804 1164 ε’λέ-

113 1217 319 1267 φαντος
358 1196 408 1250 δ’
438 1194 508 1266 ἧν
539 1199 764 1252 πάντων
795 1197 886 1252 καὶ
925 1207 1136 1269 χρυσοῦ
1168 1199 1201 1268 ἡ
1238 1201 1559 1267 κατασκευή.
1621 1198 1804 1268 <152>

113 1284 239 1354 μεθ’
272 1285 305 1338 ἃ
339 1283 722 1350 ’ὅεσπασιανὸς
759 1289 966 1356 ἤλαυνε
1003 1298 1238 1356 πρῶτος,
1277 1287 1367 1341 καὶ
1407 1291 1565 1350 Τίτος
1602 1289 1803 1355 εἵπετο,

114 1377 457 1443 Δομετιανὸς
497 1372 559 1428 δὲ
596 1378 958 1445 παρίππευεν,
997 1376 1161 1440 αὐτός
1199 1397 1256 1430 τε
1298 1378 1611 1445 διαπρεπῶς
1651 1395 1804 1430 κεκο-

48 1485 90 1516 15
114 1462 390 1532 σμημένος
427 1462 518 1516 καὶ
557 1466 654 1518 τὸν
694 1466 862 1518 ἵππον
900 1464 1154 1534 παρέχων
1191 1464 1329 1528 θέας
1367 1465 1537 1528 ἄξιον.

224 1552 406 1619 <153>
451 1548 522 1620 ἧν
570 1550 631 1606 δὲ
677 1561 771 1621 τῆς
815 1561 1033 1622 πομπῆς
1078 1556 1140 1607 τὸ
1187 1553 1340 1616 τέλος
1387 1552 1475 1606 ἐπὶ
1522 1555 1620 1607 τὸν
1659 1555 1803 1608 νεὼν

113 1648 212 1694 τοῦ
259 1643 619 1695 Καπετωλίου
668 1644 832 1710 Διός,
882 1640 965 1712 ἐφ’
1006 1641 1072 1695 ὃν
1121 1641 1380 1705 ἐλθόντες
1426 1644 1685 1711 ἔστησαν·
1732 1639 1804 1711 ἧν

112 1730 215 1797 γὰρ
271 1731 510 1783 παλαιὸν
565 1730 798 1800 πάτριον
852 1730 1168 1800 περιμένειν
1222 1729 1382 1801 μέχρι
1436 1730 1506 1784 ἂν
1555 1732 1653 1785 τὸν
1703 1738 1803 1784 τοῦ

112 1826 420 1888 στρατηγοῦ
487 1828 600 1870 τῶν
669 1821 948 1887 πολεμίων
1015 1820 1266 1872 θάνατον
1336 1818 1637 1890 ἀπαγγείλῃ
1707 1840 1804 1882 τις.

10 1927 87 1958 -20
112 1907 293 1975 <154>
342 1910 540 1975 Σίμων
588 1903 751 1970 οὗτος
796 1904 867 1976 ἦν
914 1908 942 1961 ὁ
985 1909 1196 1976 Γιώρα,
1242 1911 1362 1961 τότε
1409 1910 1804 1977 πεπομπευκὼς

111 1993 172 2047 ἐν
218 2004 332 2058 τοῖς
378 1997 770 2065 αἰχμαλώτοις,
824 1999 1007 2069 βρόχῳ
1056 1994 1117 2049 δὲ
1170 1994 1527 2065 περιβληθεὶς
1573 1998 1652 2060 εἰς
1705 1999 1804 2050 τὸν

110 2081 198 2135 ἐπὶ
238 2091 332 2151 τῆς
371 2082 574 2154 ἀγορᾶς
607 2084 832 2154 ε’σύρετο
864 2088 1052 2152 τόπον,
1094 2084 1456 2154 αἰκιζομένων
1489 2085 1660 2138 αὐτὸν
1692 2086 1803 2153 ἅμα

108 2180 220 2224 τῶν
266 2171 532 2240 ἀγόντων.
610 2176 780 2242 νόμος
828 2172 877 2226 δ’
918 2172 1031 2226 ἐστὶ
1072 2172 1354 2242 Ῥωμαίοις
1401 2173 1516 2227 ἐκεῖ
1567 2176 1803 2226 κτείνειν

109 2262 238 2323 τοὺς
280 2259 366 2313 ἐπὶ
406 2265 713 2333 κακουργίᾳ
750 2262 1000 2316 θάνατον
1040 2260 1543 2332 κατεγνωσμένους.
1622 2260 1804 2330 <155>

43 2369 85 2400 25
112 2347 228 2401 ἐπεὶ
268 2346 318 2402 δ’
351 2349 675 2419 ἀπηγγέλθη
715 2350 868 2413 τέλος
909 2353 1049 2420 ἔχων
1088 2348 1180 2403 καὶ
1218 2351 1419 2414 πάντες
1457 2350 1805 2420 εὐφήμησαν,

108 2439 346 2508 ἤρχοντο
395 2447 509 2491 τῶν
555 2444 792 2508 θυσιῶν,
841 2439 903 2502 ἃς
952 2437 1038 2492 ἐπὶ
1086 2448 1203 2502 ταῖς
1249 2439 1632 2508 νομιζομέναις
1677 2443 1805 2491 καλ-

109 2528 461 2596 λιερήσαντες
512 2527 697 2597 εὐχαῖς
743 2527 963 2597 ἀπῇσαν
1010 2530 1089 2591 εἰς
1135 2530 1196 2582 τὸ
1246 2531 1545 2597 βασίλειον.
1621 2526 1806 2595 <156>

109 2613 368 2687 καὶτοὺς
407 2612 508 2684 μὲν
545 2615 704 2670 αὐτοὶ
742 2619 881 2686 πρὸς
919 2616 1158 2687 εὐωχίαν
1197 2615 1554 2686 ὑπεδέχοντο,
1592 2625 1707 2678 τοῖς
1746 2613 1795 2668 δ’

109 2704 298 2772 ἄλλοις
337 2705 542 2758 ἅπασιν
574 2706 851 2775 εὐτρεπεῖς
889 2706 1024 2758 κατὰ
1063 2707 1124 2758 τὸ
1159 2707 1365 2759 οἰκεῖον
1398 2706 1460 2757 αἱ
1494 2713 1589 2772 τῆς
1628 2702 1805 2757 ἑστιά-

43 2811 87 2844 30
112 2806 249 2855 σεως
287 2788 430 2860 ἦσαν
460 2797 826 2863 παρασκευαί·
868 2794 1050 2862 <157>
1087 2795 1294 2862 ταύτην
1325 2794 1430 2861 γὰρ
1460 2795 1564 2862 τὴν
1594 2790 1804 2863 ἡμέραν

108 2881 142 2948 ἡ
186 2879 466 2950 Ῥωμαίων
516 2885 674 2945 πόλις
729 2880 995 2951 ἑώρταζεν
1049 2882 1321 2935 ἐπινίκιον
1375 2879 1477 2951 μὲν
1522 2888 1617 2950 τῆς
1669 2881 1804 2934 κατὰ
