2032 3128
694 86 902 128 ΛΟΓΟΣ
934 86 1223 130 ΕΒΔοΜοΣ
1693 81 1795 133 151

120 218 300 286 <167>
358 217 732 287 μεμηχάνηται
788 217 837 271 δ’
874 218 980 272 ὑπὸ
1036 226 1130 287 τῆς
1184 221 1401 286 φύσεως
1461 213 1604 270 εἶναι
1666 211 1806 284 μηδὲ

119 307 400 373 προσιτός·
449 304 689 373 φάραγξι
737 306 840 374 γὰρ
878 306 1160 358 πάντοθεν
1199 305 1513 358 ἀσύνοπτον
1553 303 1806 374 ἐχούσαις

119 395 181 441 τὸ
236 392 413 456 βάθος
469 392 982 462 περιτετάφρευται,
1043 396 1175 462 μήτε
1229 399 1543 462 περαθῆναι
1599 392 1806 464 ῥᾳδίως

123 472 454 542 δυναμέναις
529 476 620 526 καὶ
697 485 983 544 χωσθῆναι
1066 481 1413 532 παντάπασιν
1492 480 1807 550 ἀμηχάνοις.

0 567 1 644 ᾗ
76 586 98 618 5
121 563 300 631 <168>
331 561 363 629 ἡ
398 558 498 630 μὲν
530 562 633 630 γὰρ
668 561 774 615 ἀπὸ
806 570 901 630 τῆς
933 561 1162 631 ἑσπέρας
1193 561 1596 632 περιτέμνουσα
1635 582 1808 633 παρα-

120 654 286 703 τείνει
319 650 575 712 σταδίους
615 648 893 719 ἐξήκοντα,
933 649 1099 719 πέρας
1132 651 1299 719 αὑτῆς
1330 651 1429 718 τὴν
1456 649 1807 721 Ἀσφαλτῖτιν

119 737 421 807 ποιουμένη
478 740 679 806 λίμνην
734 735 894 807 (κατὰ
948 746 1110 791 τοῦτο
1168 738 1235 791 δέ
1283 757 1357 809 πῃ
1412 738 1500 791 καὶ
1557 740 1721 803 αὐτὸς
1776 741 1806 794 ὁ

119 830 447 894 Μαχαιροῦς
509 824 609 891 τὴν
662 824 1015 893 ὑψηλοτάτην
1070 828 1179 894 ἔχει
1242 828 1494 896 κορυφὴν
1549 828 1808 895 ὑπερανί-

120 909 412 982 σχουσαν)·
451 912 634 980 <169>
667 913 729 964 αἱ
757 910 817 965 δὲ
850 912 954 966 ἀπὸ
983 921 1076 981 τῆς
1107 915 1315 984 ἄρκτου
1347 913 1437 967 καὶ
1469 919 1809 985 μεσημβρίας

51 1024 95 1056 10
118 1001 397 1070 φάραγγες
435 999 660 1068 μεγέθει
701 998 802 1069 μὲν
834 1001 1224 1056 ἀπολείπονται
1260 1012 1354 1071 τῆς
1391 1002 1807 1072 προειρημένης,

118 1090 320 1156 ὁμοίως
356 1087 405 1141 δ’
428 1087 572 1142 εἰσὶν
604 1089 873 1159 ἀμήχανοι
911 1092 1047 1159 πρὸς
1084 1090 1437 1161 ἐπιχείρησιν.
1500 1091 1682 1161 <170>
1712 1099 1808 1160 τῆς

118 1175 179 1230 δὲ
233 1179 369 1247 πρὸς
421 1178 523 1246 τὴν
568 1177 844 1246 ἀνατολὴν
890 1178 1172 1247 φάραγγος
1220 1182 1280 1233 τὸ
1332 1177 1434 1248 μὲν
1479 1180 1658 1248 βάθος
1705 1179 1808 1232 οὐκ

117 1268 342 1319 ἔλαττον
383 1264 576 1318 ἑκατὸν
617 1266 924 1335 εὑρίσκεται
966 1268 1204 1336 πήχεων,
1251 1266 1420 1336 τέρμα
1461 1264 1521 1320 δὲ
1560 1269 1808 1336 γίγνεται

115 1356 252 1424 πρὸς
292 1356 421 1423 ὄρος
459 1353 765 1424 ἀπαντικρὺ
804 1358 1058 1423 κείμενον
1095 1359 1537 1426 Μαχαιροῦντος.

49 1464 91 1496 15
227 1443 410 1512 <171>
448 1444 654 1510 ταύτην
687 1450 787 1496 τοῦ
827 1445 999 1496 τόπου
1037 1445 1279 1497 κατιδὼν
1309 1446 1411 1513 τὴν
1443 1445 1617 1513 φύσιν
1650 1447 1805 1513 βασι-
1836 1459 1866 1498 2

115 1533 241 1594 λεὺς
279 1529 570 1584 Ἰουδαίων
611 1529 968 1600 Ἀλέξανδρος
1005 1542 1218 1599 πρῶτος
1259 1531 1343 1586 ἐπ’
1377 1520 1550 1586 αὖτοῦ
1590 1535 1808 1602 τειχίζει

114 1621 408 1689 φρούριον,
455 1619 484 1672 ὃ
525 1621 658 1688 μετὰ
696 1627 865 1672 ταῦτα
906 1622 1169 1689 Γαβίνιος
1198 1619 1605 1693 Ἀριστοβούλῳ
1644 1625 1806 1674 πολε-

114 1717 234 1777 μῶν
273 1712 547 1761 καθεῖλεν.
625 1709 808 1776 <172>
844 1706 1068 1778 Ἡρώδῃ
1109 1706 1170 1761 δὲ
1208 1710 1561 1778 βασιλεύοντι
1600 1711 1807 1772 παντὸς

117 1795 268 1860 ἔδοξε
317 1800 529 1865 μᾶλλον
575 1796 884 1866 ἐπιμελείας
929 1796 1086 1860 ἄξιον
1135 1794 1278 1850 εἶναι
1327 1796 1418 1850 καὶ
1470 1804 1808 1866 κατασκευῆς

9 1935 15 1938 ,
45 1908 91 1940 20
116 1885 478 1956 ὀχυρωτάτης,
519 1885 752 1954 μάλιστα
785 1884 876 1938 καὶ
910 1886 1002 1938 διὰ
1034 1886 1134 1954 τὴν
1159 1897 1269 1956 τῶν
1296 1884 1546 1955 Ἀράβων
1571 1888 1807 1953 γειτνία·

114 1989 230 2027 σιν·
284 1983 455 2026 κεῖται
509 1975 614 2043 γάρ
667 1972 728 2026 ἐν
778 1973 1038 2046 ἐπικαίρῳ
1087 1976 1224 2039 πρὸς
1275 1974 1377 2042 τὴν
1426 1973 1654 2027 ἐκείνων
1699 1981 1808 2043 γῆν

21 2084 25 2085 ’
113 2061 442 2131 ἀποβλέπον.
519 2063 702 2131 <173>
749 2060 924 2131 μέγαν
972 2059 1072 2131 μὲν
1114 2059 1216 2115 οὖν
1258 2065 1428 2115 τόπον
1467 2065 1668 2132 τείχεσι
1714 2061 1806 2115 καὶ

111 2153 345 2222 πύργοις
389 2151 706 2220 περιβαλὼν
752 2153 917 2203 πόλιν
966 2150 1210 2203 ἐνταῦθα
1264 2149 1586 2221 κατῴκισεν,
1641 2150 1696 2216 ἐξ
1743 2147 1808 2219 ἧς

112 2241 314 2303 ἄνοδος
353 2241 432 2302 εἰς
470 2239 643 2308 αὐτὴν
675 2241 838 2309 ε”φερε
877 2240 977 2307 τὴν
1010 2238 1341 2308 ἀκρώρειαν·
1382 2239 1562 2307 <174>
1596 2238 1663 2292 οὐ
1696 2240 1808 2308 μὴν

45 2350 88 2386 25
113 2328 252 2382 ἀλλὰ
302 2326 393 2381 καὶ
443 2326 566 2397 περὶ
614 2328 788 2396 αὐτὴν
835 2329 951 2381 ἄνω
998 2328 1097 2396 τὴν
1143 2328 1397 2397 κορυφὴν
1443 2336 1620 2397 τεῖχος
1667 2326 1810 2380 ἐδεί-

113 2437 269 2485 ματο,
308 2414 399 2470 καὶ
439 2418 685 2485 πύργους
725 2414 812 2469 ἐπὶ
850 2426 968 2478 ταῖς
1006 2419 1232 2484 γωνίαις
1271 2415 1503 2468 ἕκαστον
1544 2413 1807 2484 ἑξήκοντα

112 2507 331 2575 πήχεων
385 2502 664 2573 ἀνέστησε.
756 2505 939 2573 <175>
1001 2502 1171 2573 μέσον
1227 2500 1289 2556 δὲ
1346 2512 1445 2556 τοῦ
1505 2506 1807 2572 περιβόλου

113 2597 398 2662 βασίλειον
453 2590 846 2665 ᾠκοδομήσατο
905 2593 1128 2661 μεγέθει
1183 2612 1238 2645 τε
1300 2591 1391 2645 καὶ
1453 2592 1641 2644 κάλλει
1693 2601 1808 2646 τῶν

114 2684 381 2751 οἰκήσεων
420 2681 740 2750 πολυτελές,
785 2682 968 2750 <176>
1008 2681 1216 2743 πολλὰς
1262 2678 1322 2733 δὲ
1369 2678 1458 2733 καὶ
1507 2680 1809 2749 δεξαμενὰς

9 2780 90 2826 ‘30
115 2767 195 2834 sig
236 2770 523 2840 ὑποδοχὴν
569 2770 772 2832 ὕδατος
818 2766 908 2821 καὶ
962 2772 1230 2839 χορηγίαν
1278 2770 1538 2838 ἄφθονον
1584 2768 1645 2822 ἐν
1690 2778 1809 2833 τοῖς

115 2859 575 2928 ἐπιτηδειοτάτοις
612 2867 724 2911 τῶν
764 2860 948 2911 τόπων
987 2858 1405 2926 κατεσκεύασεν,
1449 2857 1631 2925 ὥσπερ
1669 2859 1809 2927 πρὸς
