<?xml version="1.0" encoding="UTF-8"?>
<!DOCTYPE html PUBLIC "-//W3C//DTD XHTML 1.0 Transitional//EN"
    "http://www.w3.org/TR/xhtml1/DTD/xhtml1-transitional.dtd">
<html xmlns="http://www.w3.org/1999/xhtml" xml:lang="en" lang="en">
 <head>
  <title>
</title>
<meta http-equiv="Content-Type" content="text/html;charset=utf-8" />
  <meta name='ocr-system' content='tesseract 3.04.00' />
  <meta name='ocr-capabilities' content='ocr_page ocr_carea ocr_par ocr_line ocrx_word'/>
</head>
<body>
  <div class='ocr_page' id='page_1' title='image "./flaviiiosephiope06joseuoft_0250.png"; bbox 0 0 2032 3128; ppageno 0'>
   <div class='ocr_carea' id='block_1_1' title="bbox 152 215 180 254">
    <p class='ocr_par' dir='ltr' id='par_1_1' title="bbox 152 215 180 254">
     <span class='ocr_line' id='line_1_1' title="bbox 152 215 180 254; baseline 0 0"><span class='ocrx_word' id='word_1_1' title='bbox 152 215 180 254; x_wconf 89' lang='grc'>8</span> 
     </span>
    </p>
   </div>
   <div class='ocr_carea' id='block_1_2' title="bbox 213 64 1293 118">
    <p class='ocr_par' dir='ltr' id='par_1_2' title="bbox 213 64 1293 118">
     <span class='ocr_line' id='line_1_2' title="bbox 213 64 1293 118; baseline -0.012 0"><span class='ocrx_word' id='word_1_2' title='bbox 213 65 321 118; x_wconf 84' lang='grc'><em>194</em></span> <span class='ocrx_word' id='word_1_3' title='bbox 825 64 985 106; x_wconf 82' lang='grc' dir='ltr'><strong>ΚΑΤΑ</strong></span> <span class='ocrx_word' id='word_1_4' title='bbox 1015 64 1293 107; x_wconf 73' lang='grc' dir='ltr'><strong>ΑΠΙΩΝΟΣ</strong></span> 
     </span>
    </p>
   </div>
   <div class='ocr_carea' id='block_1_3' title="bbox 204 196 2019 2924">
    <p class='ocr_par' dir='ltr' id='par_1_3' title="bbox 204 196 2019 2924">
     <span class='ocr_line' id='line_1_3' title="bbox 323 196 1898 268; baseline 0.001 -18"><span class='ocrx_word' id='word_1_5' title='bbox 323 199 466 267; x_wconf 81' lang='lat'>&lt;38&gt;</span> <span class='ocrx_word' id='word_1_6' title='bbox 521 197 588 251; x_wconf 86' lang='grc' dir='ltr'><em>οὐ</em></span> <span class='ocrx_word' id='word_1_7' title='bbox 649 198 754 268; x_wconf 82' lang='grc' dir='ltr'><em>γὰρ</em></span> <span class='ocrx_word' id='word_1_8' title='bbox 816 198 1079 268; x_wconf 77' lang='grc' dir='ltr'><em>μυριάδες</em></span> <span class='ocrx_word' id='word_1_9' title='bbox 1139 200 1373 267; x_wconf 82' lang='grc' dir='ltr'><em>βιβλίων</em></span> <span class='ocrx_word' id='word_1_10' title='bbox 1426 196 1533 251; x_wconf 83' lang='grc' dir='ltr'><em>εἰσὶ</em></span> <span class='ocrx_word' id='word_1_11' title='bbox 1593 197 1723 266; x_wconf 86' lang='grc' dir='ltr'><em>παρ’</em></span> <span class='ocrx_word' id='word_1_12' title='bbox 1765 198 1898 267; x_wconf 85' lang='grc' dir='ltr'><em>ἡμῖν</em></span> 
     </span>
     <span class='ocr_line' id='line_1_4' title="bbox 211 283 1900 356; baseline 0 -16"><span class='ocrx_word' id='word_1_13' title='bbox 211 287 565 356; x_wconf 80' lang='grc' dir='ltr'><em>ἀσυμφώνων</em></span> <span class='ocrx_word' id='word_1_14' title='bbox 611 285 701 339; x_wconf 84' lang='grc' dir='ltr'><em>καὶ</em></span> <span class='ocrx_word' id='word_1_15' title='bbox 756 284 1100 356; x_wconf 77' lang='grc' dir='ltr'><em>μαχομένων,</em></span> <span class='ocrx_word' id='word_1_16' title='bbox 1156 287 1258 340; x_wconf 86' lang='grc' dir='ltr'><em>δύο</em></span> <span class='ocrx_word' id='word_1_17' title='bbox 1308 283 1369 339; x_wconf 77' lang='grc' dir='ltr'><em>δὲ</em></span> <span class='ocrx_word' id='word_1_18' title='bbox 1416 289 1557 355; x_wconf 90' lang='grc' dir='ltr'><em>μόνα</em></span> <span class='ocrx_word' id='word_1_19' title='bbox 1603 289 1741 356; x_wconf 89' lang='grc' dir='ltr'><em>πρὸς</em></span> <span class='ocrx_word' id='word_1_20' title='bbox 1785 296 1900 349; x_wconf 86' lang='grc' dir='ltr'><em>τοῖς</em></span> 
     </span>
     <span class='ocr_line' id='line_1_5' title="bbox 210 375 1899 445; baseline 0 -17"><span class='ocrx_word' id='word_1_21' title='bbox 210 382 384 429; x_wconf 76' lang='grc' dir='ltr'><em>εἴκοσι</em></span> <span class='ocrx_word' id='word_1_22' title='bbox 424 378 630 444; x_wconf 81' lang='grc' dir='ltr'><em>βιβλία,</em></span> <span class='ocrx_word' id='word_1_23' title='bbox 667 383 768 428; x_wconf 88' lang='grc' dir='ltr'><em>τοῦ</em></span> <span class='ocrx_word' id='word_1_24' title='bbox 806 377 1011 437; x_wconf 90' lang='grc' dir='ltr'><em>παντὸς</em></span> <span class='ocrx_word' id='word_1_25' title='bbox 1049 377 1244 444; x_wconf 84' lang='grc' dir='ltr'><em>ἔχοντα</em></span> <span class='ocrx_word' id='word_1_26' title='bbox 1283 378 1488 445; x_wconf 86' lang='grc' dir='ltr'><em>χρόνου</em></span> <span class='ocrx_word' id='word_1_27' title='bbox 1527 377 1629 444; x_wconf 85' lang='grc' dir='ltr'><em>τὴν</em></span> <span class='ocrx_word' id='word_1_28' title='bbox 1661 375 1899 444; x_wconf 87' lang='grc' dir='ltr'><em>ἀναγρα-</em></span> 
     </span>
     <span class='ocr_line' id='line_1_6' title="bbox 210 461 1898 534; baseline -0.001 -18"><span class='ocrx_word' id='word_1_29' title='bbox 210 466 343 534; x_wconf 82' lang='grc' dir='ltr'><em>φήν,</em></span> <span class='ocrx_word' id='word_1_30' title='bbox 375 464 441 515; x_wconf 79' lang='grc' dir='ltr'><em>τὰ</em></span> <span class='ocrx_word' id='word_1_31' title='bbox 474 465 700 525; x_wconf 79' lang='grc' dir='ltr'><em>δικαίως</em></span> <span class='ocrx_word' id='word_1_32' title='bbox 729 461 1142 532; x_wconf 81' lang='grc' dir='ltr'><em>πεπιστευμένα.</em></span> <span class='ocrx_word' id='word_1_33' title='bbox 1195 462 1338 531; x_wconf 79' lang='grc'>&lt;39&gt;</span> <span class='ocrx_word' id='word_1_34' title='bbox 1371 462 1462 516; x_wconf 86' lang='grc' dir='ltr'><em>καὶ</em></span> <span class='ocrx_word' id='word_1_35' title='bbox 1493 465 1706 517; x_wconf 89' lang='grc' dir='ltr'><em>τούτων</em></span> <span class='ocrx_word' id='word_1_36' title='bbox 1737 461 1898 516; x_wconf 80' lang='grc' dir='ltr'><em>πέντε</em></span> 
     </span>
     <span class='ocr_line' id='line_1_7' title="bbox 212 548 2019 622; baseline 0 -17"><span class='ocrx_word' id='word_1_37' title='bbox 212 552 313 622; x_wconf 89' lang='grc' dir='ltr'><em>μέν</em></span> <span class='ocrx_word' id='word_1_38' title='bbox 354 552 468 605; x_wconf 85' lang='grc' dir='ltr'><em>ἐστι</em></span> <span class='ocrx_word' id='word_1_39' title='bbox 506 552 572 604; x_wconf 79' lang='grc' dir='ltr'><em>τὰ</em></span> <span class='ocrx_word' id='word_1_40' title='bbox 606 550 908 618; x_wconf 77' lang='grc' dir='ltr'><em>Μωυσέος,</em></span> <span class='ocrx_word' id='word_1_41' title='bbox 949 551 982 604; x_wconf 78' lang='grc' dir='ltr'>ἃ</span> <span class='ocrx_word' id='word_1_42' title='bbox 1020 552 1151 613; x_wconf 88' lang='grc' dir='ltr'><em>τούς</em></span> <span class='ocrx_word' id='word_1_43' title='bbox 1188 570 1245 603; x_wconf 88' lang='grc' dir='ltr'><em>τε</em></span> <span class='ocrx_word' id='word_1_44' title='bbox 1284 553 1492 620; x_wconf 86' lang='grc' dir='ltr'><em>νόμους</em></span> <span class='ocrx_word' id='word_1_45' title='bbox 1529 550 1768 621; x_wconf 81' lang='grc' dir='ltr'><em>περιέχει</em></span> <span class='ocrx_word' id='word_1_46' title='bbox 1807 548 1899 603; x_wconf 87' lang='grc' dir='ltr'><em>καὶ</em></span> <span class='ocrx_word' id='word_1_47' title='bbox 1946 572 1968 605; x_wconf 85' lang='lat'><strong>5</strong></span> <span class='ocrx_word' id='word_1_48' title='bbox 2017 572 2019 574; x_wconf 89' lang='grc'><strong><em>·</em></strong></span> 
     </span>
     <span class='ocr_line' id='line_1_8' title="bbox 209 637 1899 710; baseline -0.002 -16"><span class='ocrx_word' id='word_1_49' title='bbox 209 642 310 709; x_wconf 87' lang='grc' dir='ltr'><em>τὴν</em></span> <span class='ocrx_word' id='word_1_50' title='bbox 356 648 452 709; x_wconf 89' lang='grc' dir='ltr'><em>τῆς</em></span> <span class='ocrx_word' id='word_1_51' title='bbox 498 639 959 710; x_wconf 89' lang='grc' dir='ltr'><em>ἀνθρωπογονίας</em></span> <span class='ocrx_word' id='word_1_52' title='bbox 1011 639 1322 708; x_wconf 77' lang='grc' dir='ltr'><em>παράδοσιν</em></span> <span class='ocrx_word' id='word_1_53' title='bbox 1369 637 1526 709; x_wconf 87' lang='grc' dir='ltr'><em>μέχρι</em></span> <span class='ocrx_word' id='word_1_54' title='bbox 1579 645 1674 706; x_wconf 90' lang='grc' dir='ltr'><em>τῆς</em></span> <span class='ocrx_word' id='word_1_55' title='bbox 1727 639 1899 692; x_wconf 88' lang='grc' dir='ltr'><em>αὐτοῦ</em></span> 
     </span>
     <span class='ocr_line' id='line_1_9' title="bbox 210 724 1899 798; baseline -0.002 -16"><span class='ocrx_word' id='word_1_56' title='bbox 210 734 477 798; x_wconf 76' lang='grc' dir='ltr'><em>τελευτῆς.</em></span> <span class='ocrx_word' id='word_1_57' title='bbox 540 724 702 791; x_wconf 85' lang='grc' dir='ltr'><em>οὗτος</em></span> <span class='ocrx_word' id='word_1_58' title='bbox 733 728 762 781; x_wconf 88' lang='grc' dir='ltr'>ὁ</span> <span class='ocrx_word' id='word_1_59' title='bbox 794 730 994 798; x_wconf 86' lang='grc' dir='ltr'><em>χρόνος</em></span> <span class='ocrx_word' id='word_1_60' title='bbox 1032 728 1316 781; x_wconf 87' lang='grc' dir='ltr'><em>ἀπολείπει</em></span> <span class='ocrx_word' id='word_1_61' title='bbox 1354 730 1673 797; x_wconf 84' lang='grc' dir='ltr'><em>τρισχιλίων</em></span> <span class='ocrx_word' id='word_1_62' title='bbox 1706 727 1899 795; x_wconf 80' lang='grc' dir='ltr'><em>ὀλίγον</em></span> 
     </span>
     <span class='ocr_line' id='line_1_10' title="bbox 211 814 1902 886; baseline -0.002 -15"><span class='ocrx_word' id='word_1_63' title='bbox 211 817 365 871; x_wconf 83' lang='grc' dir='ltr'><em>ἐτῶν.</em></span> <span class='ocrx_word' id='word_1_64' title='bbox 442 817 586 886; x_wconf 81' lang='grc' dir='ltr'>&lt;4Ο&gt;</span> <span class='ocrx_word' id='word_1_65' title='bbox 627 816 732 871; x_wconf 88' lang='grc' dir='ltr'><em>ἀπὸ</em></span> <span class='ocrx_word' id='word_1_66' title='bbox 774 814 835 869; x_wconf 75' lang='grc' dir='ltr'><em>δὲ</em></span> <span class='ocrx_word' id='word_1_67' title='bbox 874 824 968 885; x_wconf 89' lang='grc' dir='ltr'><em>τῆς</em></span> <span class='ocrx_word' id='word_1_68' title='bbox 1005 815 1279 879; x_wconf 86' lang='grc' dir='ltr'><em>Μωυσέος</em></span> <span class='ocrx_word' id='word_1_69' title='bbox 1316 821 1570 884; x_wconf 84' lang='grc' dir='ltr'><em>τελευτῆς</em></span> <span class='ocrx_word' id='word_1_70' title='bbox 1613 815 1771 885; x_wconf 89' lang='grc' dir='ltr'><em>μέχρι</em></span> <span class='ocrx_word' id='word_1_71' title='bbox 1808 823 1902 884; x_wconf 91' lang='grc' dir='ltr'><em>τῆς</em></span> 
     </span>
     <span class='ocr_line' id='line_1_11' title="bbox 204 903 1905 977; baseline -0.001 -18"><span class='ocrx_word' id='word_1_72' title='bbox 204 905 559 977; x_wconf 82' lang='grc' dir='ltr'><em>Ἀρταξέρξου</em></span> <span class='ocrx_word' id='word_1_73' title='bbox 613 914 713 959; x_wconf 87' lang='grc' dir='ltr'><em>τοῦ</em></span> <span class='ocrx_word' id='word_1_74' title='bbox 774 906 908 974; x_wconf 79' lang='grc' dir='ltr'><em>μετὰ</em></span> <span class='ocrx_word' id='word_1_75' title='bbox 972 904 1182 975; x_wconf 77' lang='grc' dir='ltr'><em>Ξέρξην</em></span> <span class='ocrx_word' id='word_1_76' title='bbox 1234 909 1471 973; x_wconf 83' lang='grc' dir='ltr'><em>Περσῶν</em></span> <span class='ocrx_word' id='word_1_77' title='bbox 1525 903 1794 973; x_wconf 88' lang='grc' dir='ltr'><em>βασιλέως</em></span> <span class='ocrx_word' id='word_1_78' title='bbox 1848 904 1905 957; x_wconf 75' lang='grc' dir='ltr'><em>οὗ</em></span> 
     </span>
     <span class='ocr_line' id='line_1_12' title="bbox 211 991 1970 1065; baseline -0.001 -17"><span class='ocrx_word' id='word_1_79' title='bbox 211 997 344 1065; x_wconf 80' lang='grc' dir='ltr'><em>μετὰ</em></span> <span class='ocrx_word' id='word_1_80' title='bbox 397 998 653 1063; x_wconf 91' lang='grc' dir='ltr'><em>Μωυσῆν</em></span> <span class='ocrx_word' id='word_1_81' title='bbox 706 1003 986 1063; x_wconf 86' lang='grc' dir='ltr'><em>προφῆται</em></span> <span class='ocrx_word' id='word_1_82' title='bbox 1040 995 1105 1046; x_wconf 83' lang='grc' dir='ltr'><em>τὰ</em></span> <span class='ocrx_word' id='word_1_83' title='bbox 1159 991 1274 1046; x_wconf 77' lang='grc' dir='ltr'><em>κατ’</em></span> <span class='ocrx_word' id='word_1_84' title='bbox 1322 993 1525 1056; x_wconf 85' lang='grc' dir='ltr'><em>αὐτοὺς</em></span> <span class='ocrx_word' id='word_1_85' title='bbox 1583 991 1900 1064; x_wconf 85' lang='grc' dir='ltr'><em>πραχθέντα</em></span> <span class='ocrx_word' id='word_1_86' title='bbox 1926 1016 1970 1047; x_wconf 90' lang='lat'><em>10</em></span> 
     </span>
     <span class='ocr_line' id='line_1_13' title="bbox 212 1079 1903 1152; baseline -0.002 -15"><span class='ocrx_word' id='word_1_87' title='bbox 212 1082 569 1152; x_wconf 81' lang='grc' dir='ltr'><em>συνέγραψαν</em></span> <span class='ocrx_word' id='word_1_88' title='bbox 608 1081 669 1135; x_wconf 84' lang='grc' dir='ltr'><em>ἐν</em></span> <span class='ocrx_word' id='word_1_89' title='bbox 709 1080 854 1152; x_wconf 82' lang='grc' dir='ltr'><em>τρισὶ</em></span> <span class='ocrx_word' id='word_1_90' title='bbox 894 1080 985 1134; x_wconf 86' lang='grc' dir='ltr'><em>καὶ</em></span> <span class='ocrx_word' id='word_1_91' title='bbox 1026 1079 1157 1134; x_wconf 88' lang='grc' dir='ltr'><em>δέκα</em></span> <span class='ocrx_word' id='word_1_92' title='bbox 1196 1084 1447 1151; x_wconf 88' lang='grc' dir='ltr'><em>βιβλίοις.</em></span> <span class='ocrx_word' id='word_1_93' title='bbox 1517 1082 1579 1134; x_wconf 80' lang='grc' dir='ltr'><em>αἱ</em></span> <span class='ocrx_word' id='word_1_94' title='bbox 1614 1079 1675 1134; x_wconf 76' lang='grc' dir='ltr'><em>δὲ</em></span> <span class='ocrx_word' id='word_1_95' title='bbox 1715 1080 1903 1134; x_wconf 84' lang='grc' dir='ltr'><em>λοιπαὶ</em></span> 
     </span>
     <span class='ocr_line' id='line_1_14' title="bbox 210 1169 1904 1242; baseline -0.002 -16"><span class='ocrx_word' id='word_1_96' title='bbox 210 1171 460 1242; x_wconf 87' lang='grc' dir='ltr'><em>τέτταρες</em></span> <span class='ocrx_word' id='word_1_97' title='bbox 519 1171 731 1240; x_wconf 77' lang='grc' dir='ltr'><em>ὕμνους</em></span> <span class='ocrx_word' id='word_1_98' title='bbox 793 1172 870 1233; x_wconf 82' lang='grc' dir='ltr'><em>εἰς</em></span> <span class='ocrx_word' id='word_1_99' title='bbox 922 1172 1020 1224; x_wconf 90' lang='grc' dir='ltr'><em>τὸν</em></span> <span class='ocrx_word' id='word_1_100' title='bbox 1074 1172 1214 1223; x_wconf 90' lang='grc' dir='ltr'><em>θεὸν</em></span> <span class='ocrx_word' id='word_1_101' title='bbox 1268 1169 1360 1223; x_wconf 88' lang='grc' dir='ltr'><em>καὶ</em></span> <span class='ocrx_word' id='word_1_102' title='bbox 1413 1180 1530 1232; x_wconf 91' lang='grc' dir='ltr'><em>τοῖς</em></span> <span class='ocrx_word' id='word_1_103' title='bbox 1583 1169 1904 1239; x_wconf 86' lang='grc' dir='ltr'><em>ἀνθρώποις</em></span> 
     </span>
     <span class='ocr_line' id='line_1_15' title="bbox 210 1255 1904 1329; baseline -0.002 -15"><span class='ocrx_word' id='word_1_104' title='bbox 210 1261 499 1329; x_wconf 79' lang='grc' dir='ltr'><em>ὑποθήκας</em></span> <span class='ocrx_word' id='word_1_105' title='bbox 536 1267 635 1313; x_wconf 87' lang='grc' dir='ltr'><em>τοῦ</em></span> <span class='ocrx_word' id='word_1_106' title='bbox 675 1262 803 1328; x_wconf 89' lang='grc' dir='ltr'><em>βίου</em></span> <span class='ocrx_word' id='word_1_107' title='bbox 842 1257 1208 1329; x_wconf 89' lang='grc' dir='ltr'><em>περιέχουσιν.</em></span> <span class='ocrx_word' id='word_1_108' title='bbox 1285 1259 1430 1328; x_wconf 84' lang='lat'>&lt;41&gt;</span> <span class='ocrx_word' id='word_1_109' title='bbox 1470 1258 1575 1312; x_wconf 88' lang='grc' dir='ltr'><em>ἀπὸ</em></span> <span class='ocrx_word' id='word_1_110' title='bbox 1617 1255 1678 1311; x_wconf 80' lang='grc' dir='ltr'><em>δὲ</em></span> <span class='ocrx_word' id='word_1_111' title='bbox 1718 1256 1904 1327; x_wconf 86' lang='grc' dir='ltr'><em>Ἀρτα-</em></span> 
     </span>
     <span class='ocr_line' id='line_1_16' title="bbox 211 1344 1904 1418; baseline -0.001 -16"><span class='ocrx_word' id='word_1_112' title='bbox 211 1349 403 1418; x_wconf 81' lang='grc' dir='ltr'><em>ξέρξου</em></span> <span class='ocrx_word' id='word_1_113' title='bbox 458 1346 616 1418; x_wconf 86' lang='grc' dir='ltr'><em>μέχρι</em></span> <span class='ocrx_word' id='word_1_114' title='bbox 666 1355 765 1401; x_wconf 87' lang='grc' dir='ltr'><em>τοῦ</em></span> <span class='ocrx_word' id='word_1_115' title='bbox 820 1345 955 1400; x_wconf 78' lang='grc' dir='ltr'><em>καθ’</em></span> <span class='ocrx_word' id='word_1_116' title='bbox 991 1348 1132 1416; x_wconf 80' lang='grc' dir='ltr'><em>ἡμᾶς</em></span> <span class='ocrx_word' id='word_1_117' title='bbox 1185 1350 1392 1418; x_wconf 88' lang='grc' dir='ltr'><em>χρόνου</em></span> <span class='ocrx_word' id='word_1_118' title='bbox 1446 1345 1746 1416; x_wconf 89' lang='grc' dir='ltr'><em>γέγραπται</em></span> <span class='ocrx_word' id='word_1_119' title='bbox 1802 1344 1904 1416; x_wconf 77' lang='grc' dir='ltr'><em>μὲν</em></span> 
     </span>
     <span class='ocr_line' id='line_1_17' title="bbox 212 1432 1973 1505; baseline -0.001 -15"><span class='ocrx_word' id='word_1_120' title='bbox 212 1437 434 1505; x_wconf 77' lang='grc' dir='ltr'><em>ἕκαστα,</em></span> <span class='ocrx_word' id='word_1_121' title='bbox 480 1440 711 1498; x_wconf 91' lang='grc' dir='ltr'><em>πίστεως</em></span> <span class='ocrx_word' id='word_1_122' title='bbox 752 1432 812 1488; x_wconf 74' lang='grc' dir='ltr'><em>δὲ</em></span> <span class='ocrx_word' id='word_1_123' title='bbox 854 1436 954 1505; x_wconf 87' lang='grc' dir='ltr'><em>οὐχ</em></span> <span class='ocrx_word' id='word_1_124' title='bbox 1002 1436 1194 1504; x_wconf 87' lang='grc' dir='ltr'><em>ὁμοίας</em></span> <span class='ocrx_word' id='word_1_125' title='bbox 1239 1435 1465 1503; x_wconf 80' lang='grc' dir='ltr'><em>ἠξίωται</em></span> <span class='ocrx_word' id='word_1_126' title='bbox 1503 1445 1617 1498; x_wconf 90' lang='grc' dir='ltr'><em>τοῖς</em></span> <span class='ocrx_word' id='word_1_127' title='bbox 1662 1437 1767 1504; x_wconf 90' lang='grc' dir='ltr'><em>πρὸ</em></span> <span class='ocrx_word' id='word_1_128' title='bbox 1808 1436 1905 1489; x_wconf 86' lang='grc' dir='ltr'><em>αὐ-</em></span> <span class='ocrx_word' id='word_1_129' title='bbox 1930 1457 1973 1490; x_wconf 85' lang='lat'><em>15</em></span> 
     </span>
     <span class='ocr_line' id='line_1_18' title="bbox 210 1523 1904 1595; baseline -0.001 -17"><span class='ocrx_word' id='word_1_130' title='bbox 210 1535 321 1579; x_wconf 81' lang='grc' dir='ltr'><em>τῶν</em></span> <span class='ocrx_word' id='word_1_131' title='bbox 370 1526 462 1578; x_wconf 80' lang='grc' dir='ltr'><em>διὰ</em></span> <span class='ocrx_word' id='word_1_132' title='bbox 507 1526 568 1577; x_wconf 90' lang='grc' dir='ltr'><em>τὸ</em></span> <span class='ocrx_word' id='word_1_133' title='bbox 616 1526 688 1592; x_wconf 85' lang='grc' dir='ltr'><em>μὴ</em></span> <span class='ocrx_word' id='word_1_134' title='bbox 742 1523 1005 1592; x_wconf 86' lang='grc' dir='ltr'><em>γενέσθαι</em></span> <span class='ocrx_word' id='word_1_135' title='bbox 1052 1525 1154 1592; x_wconf 83' lang='grc' dir='ltr'><em>τὴν</em></span> <span class='ocrx_word' id='word_1_136' title='bbox 1201 1534 1312 1578; x_wconf 83' lang='grc' dir='ltr'><em>τῶν</em></span> <span class='ocrx_word' id='word_1_137' title='bbox 1357 1533 1659 1593; x_wconf 81' lang='grc' dir='ltr'><em>προφητῶν</em></span> <span class='ocrx_word' id='word_1_138' title='bbox 1706 1524 1904 1595; x_wconf 80' lang='grc' dir='ltr'><em>ἀκριβῆ</em></span> 
     </span>
     <span class='ocr_line' id='line_1_19' title="bbox 213 1611 1906 1685; baseline -0.001 -18"><span class='ocrx_word' id='word_1_139' title='bbox 213 1615 496 1683; x_wconf 87' lang='grc' dir='ltr'><em>διαδοχήν.</em></span> <span class='ocrx_word' id='word_1_140' title='bbox 561 1613 706 1682; x_wconf 84' lang='grc'>&lt;42&gt;</span> <span class='ocrx_word' id='word_1_141' title='bbox 740 1615 913 1682; x_wconf 90' lang='grc' dir='ltr'><em>δῆλον</em></span> <span class='ocrx_word' id='word_1_142' title='bbox 947 1611 996 1666; x_wconf 90' lang='grc' dir='ltr'><em>δ’</em></span> <span class='ocrx_word' id='word_1_143' title='bbox 1021 1611 1170 1666; x_wconf 84' lang='grc' dir='ltr'><em>ἐστὶν</em></span> <span class='ocrx_word' id='word_1_144' title='bbox 1202 1615 1346 1685; x_wconf 79' lang='grc' dir='ltr'><em>ἔργῳ</em></span> <span class='ocrx_word' id='word_1_145' title='bbox 1377 1622 1492 1676; x_wconf 85' lang='grc' dir='ltr'><em>πῶς</em></span> <span class='ocrx_word' id='word_1_146' title='bbox 1521 1613 1677 1682; x_wconf 81' lang='grc' dir='ltr'><em>ἡμεῖς</em></span> <span class='ocrx_word' id='word_1_147' title='bbox 1714 1617 1906 1680; x_wconf 89' lang='grc' dir='ltr'><em>πρόσι-</em></span> 
     </span>
     <span class='ocr_line' id='line_1_20' title="bbox 212 1703 1904 1772; baseline -0.001 -16"><span class='ocrx_word' id='word_1_148' title='bbox 212 1723 313 1772; x_wconf 89' lang='grc' dir='ltr'><em>μεν</em></span> <span class='ocrx_word' id='word_1_149' title='bbox 351 1711 468 1765; x_wconf 91' lang='grc' dir='ltr'><em>τοῖς</em></span> <span class='ocrx_word' id='word_1_150' title='bbox 515 1703 679 1764; x_wconf 82' lang='grc' dir='ltr'><em>ἰδίοις</em></span> <span class='ocrx_word' id='word_1_151' title='bbox 724 1703 1029 1772; x_wconf 87' lang='grc' dir='ltr'><em>γράμμασι·</em></span> <span class='ocrx_word' id='word_1_152' title='bbox 1079 1704 1350 1756; x_wconf 90' lang='grc' dir='ltr'><em>τοσούτου</em></span> <span class='ocrx_word' id='word_1_153' title='bbox 1398 1703 1502 1771; x_wconf 85' lang='grc' dir='ltr'><em>γὰρ</em></span> <span class='ocrx_word' id='word_1_154' title='bbox 1552 1704 1753 1764; x_wconf 83' lang='grc' dir='ltr'><em>αἰῶνος</em></span> <span class='ocrx_word' id='word_1_155' title='bbox 1798 1703 1904 1770; x_wconf 80' lang='grc' dir='ltr'><em>ἤδη</em></span> 
     </span>
     <span class='ocr_line' id='line_1_21' title="bbox 211 1788 1906 1863; baseline -0.001 -19"><span class='ocrx_word' id='word_1_156' title='bbox 211 1793 600 1863; x_wconf 79' lang='grc' dir='ltr'><em>παρῳχηκότος</em></span> <span class='ocrx_word' id='word_1_157' title='bbox 647 1791 773 1844; x_wconf 80' lang='grc' dir='ltr'><em>οὔτε</em></span> <span class='ocrx_word' id='word_1_158' title='bbox 819 1793 1159 1859; x_wconf 91' lang='grc' dir='ltr'><em>προσθεῖναί</em></span> <span class='ocrx_word' id='word_1_159' title='bbox 1199 1810 1281 1854; x_wconf 91' lang='grc' dir='ltr'><em>τις</em></span> <span class='ocrx_word' id='word_1_160' title='bbox 1322 1788 1490 1844; x_wconf 76' lang='grc' dir='ltr'><em>οὐδὲν</em></span> <span class='ocrx_word' id='word_1_161' title='bbox 1529 1788 1648 1844; x_wconf 80' lang='grc' dir='ltr'><em>οὔτ’</em></span> <span class='ocrx_word' id='word_1_162' title='bbox 1679 1789 1906 1859; x_wconf 76' lang='grc' dir='ltr'><em>ἀφελεῖν</em></span> 
     </span>
     <span class='ocr_line' id='line_1_22' title="bbox 214 1876 1974 1948; baseline 0.001 -16"><span class='ocrx_word' id='word_1_163' title='bbox 214 1880 396 1932; x_wconf 84' lang='grc' dir='ltr'><em>αὐτῶν</em></span> <span class='ocrx_word' id='word_1_164' title='bbox 430 1880 556 1932; x_wconf 79' lang='grc' dir='ltr'><em>οὔτε</em></span> <span class='ocrx_word' id='word_1_165' title='bbox 597 1884 920 1947; x_wconf 80' lang='grc' dir='ltr'><em>μεταθεῖναι</em></span> <span class='ocrx_word' id='word_1_166' title='bbox 955 1882 1300 1948; x_wconf 85' lang='grc' dir='ltr'><em>τετόλμηκεν.</em></span> <span class='ocrx_word' id='word_1_167' title='bbox 1355 1887 1489 1932; x_wconf 80' lang='grc' dir='ltr'><em>πᾶσι</em></span> <span class='ocrx_word' id='word_1_168' title='bbox 1522 1876 1583 1932; x_wconf 77' lang='grc' dir='ltr'><em>δὲ</em></span> <span class='ocrx_word' id='word_1_169' title='bbox 1616 1880 1906 1947; x_wconf 88' lang='grc' dir='ltr'><em>σύμφυτόν</em></span> <span class='ocrx_word' id='word_1_170' title='bbox 1930 1901 1974 1948; x_wconf 17' lang='lat'><em>2⁴0</em></span> 
     </span>
     <span class='ocr_line' id='line_1_23' title="bbox 217 1966 1906 2038; baseline 0.001 -18"><span class='ocrx_word' id='word_1_171' title='bbox 217 1968 366 2021; x_wconf 82' lang='grc' dir='ltr'><em>ἐστιν</em></span> <span class='ocrx_word' id='word_1_172' title='bbox 421 1968 595 2030; x_wconf 86' lang='grc' dir='ltr'><em>εὐθὺς</em></span> <span class='ocrx_word' id='word_1_173' title='bbox 649 1967 707 2020; x_wconf 84' lang='grc' dir='ltr'><em>ἐκ</em></span> <span class='ocrx_word' id='word_1_174' title='bbox 761 1975 855 2036; x_wconf 91' lang='grc' dir='ltr'><em>τῆς</em></span> <span class='ocrx_word' id='word_1_175' title='bbox 886 1969 1133 2038; x_wconf 84' lang='grc' dir='ltr'><em>,πρώτης</em></span> <span class='ocrx_word' id='word_1_176' title='bbox 1185 1967 1451 2036; x_wconf 88' lang='grc' dir='ltr'><em>γενέσεως</em></span> <span class='ocrx_word' id='word_1_177' title='bbox 1498 1966 1792 2030; x_wconf 86' lang='grc' dir='ltr'><em>Ἰουδαίοις</em></span> <span class='ocrx_word' id='word_1_178' title='bbox 1843 1969 1906 2021; x_wconf 89' lang='grc' dir='ltr'><em>τὸ</em></span> 
     </span>
     <span class='ocr_line' id='line_1_24' title="bbox 213 2055 1907 2126; baseline -0.001 -16"><span class='ocrx_word' id='word_1_179' title='bbox 213 2058 456 2125; x_wconf 81' lang='grc' dir='ltr'><em>νομίζειν</em></span> <span class='ocrx_word' id='word_1_180' title='bbox 503 2056 641 2108; x_wconf 79' lang='grc' dir='ltr'><em>αὐτὰ</em></span> <span class='ocrx_word' id='word_1_181' title='bbox 694 2061 835 2110; x_wconf 85' lang='grc' dir='ltr'><em>θεοῦ</em></span> <span class='ocrx_word' id='word_1_182' title='bbox 892 2059 1162 2126; x_wconf 75' lang='grc' dir='ltr'><em>δόγματα,</em></span> <span class='ocrx_word' id='word_1_183' title='bbox 1218 2055 1308 2109; x_wconf 89' lang='grc' dir='ltr'><em>καὶ</em></span> <span class='ocrx_word' id='word_1_184' title='bbox 1362 2057 1579 2119; x_wconf 89' lang='grc' dir='ltr'><em>τούτοις</em></span> <span class='ocrx_word' id='word_1_185' title='bbox 1633 2055 1907 2125; x_wconf 75' lang='grc' dir='ltr'><em>ἐμμένειν,</em></span> 
     </span>
     <span class='ocr_line' id='line_1_25' title="bbox 213 2141 1905 2215; baseline 0 -17"><span class='ocrx_word' id='word_1_186' title='bbox 213 2143 303 2198; x_wconf 90' lang='grc' dir='ltr'><em>καὶ</em></span> <span class='ocrx_word' id='word_1_187' title='bbox 343 2141 481 2213; x_wconf 74' lang='grc' dir='ltr'><em>ὑπὲρ</em></span> <span class='ocrx_word' id='word_1_188' title='bbox 523 2144 726 2213; x_wconf 82' lang='grc' dir='ltr'><em>αὐτῶν,</em></span> <span class='ocrx_word' id='word_1_189' title='bbox 765 2147 818 2198; x_wconf 86' lang='grc' dir='ltr'><em>εἰ</em></span> <span class='ocrx_word' id='word_1_190' title='bbox 856 2143 998 2215; x_wconf 76' lang='grc' dir='ltr'><em>δέοι,</em></span> <span class='ocrx_word' id='word_1_191' title='bbox 1040 2147 1310 2214; x_wconf 80' lang='grc' dir='ltr'><em>θνήσκειν</em></span> <span class='ocrx_word' id='word_1_192' title='bbox 1350 2144 1540 2213; x_wconf 80' lang='grc' dir='ltr'><em>ἡδέως.</em></span> <span class='ocrx_word' id='word_1_193' title='bbox 1617 2145 1761 2213; x_wconf 84' lang='lat'>&lt;43&gt;</span> <span class='ocrx_word' id='word_1_194' title='bbox 1799 2146 1905 2214; x_wconf 77' lang='grc' dir='ltr'><em>ἤδη</em></span> 
     </span>
     <span class='ocr_line' id='line_1_26' title="bbox 215 2229 1908 2304; baseline -0.001 -17"><span class='ocrx_word' id='word_1_195' title='bbox 215 2229 319 2287; x_wconf 79' lang='grc' dir='ltr'><em>οὖν</em></span> <span class='ocrx_word' id='word_1_196' title='bbox 357 2232 555 2287; x_wconf 87' lang='grc' dir='ltr'><em>πολλοὶ</em></span> <span class='ocrx_word' id='word_1_197' title='bbox 593 2234 856 2297; x_wconf 80' lang='grc' dir='ltr'><em>πολλάκις</em></span> <span class='ocrx_word' id='word_1_198' title='bbox 895 2232 1164 2304; x_wconf 76' lang='grc' dir='ltr'><em>ἑώρανται</em></span> <span class='ocrx_word' id='word_1_199' title='bbox 1203 2244 1314 2288; x_wconf 82' lang='grc' dir='ltr'><em>τῶν</em></span> <span class='ocrx_word' id='word_1_200' title='bbox 1355 2235 1715 2304; x_wconf 81' lang='grc' dir='ltr'><em>αἰχμαλώτων</em></span> <span class='ocrx_word' id='word_1_201' title='bbox 1755 2231 1908 2304; x_wconf 89' lang='grc' dir='ltr'><em>στρέ-</em></span> 
     </span>
     <span class='ocr_line' id='line_1_27' title="bbox 213 2321 1975 2393; baseline 0.001 -17"><span class='ocrx_word' id='word_1_202' title='bbox 213 2326 349 2391; x_wconf 87' lang='grc' dir='ltr'><em>βλας</em></span> <span class='ocrx_word' id='word_1_203' title='bbox 383 2321 474 2375; x_wconf 89' lang='grc' dir='ltr'><em>καὶ</em></span> <span class='ocrx_word' id='word_1_204' title='bbox 511 2325 791 2376; x_wconf 88' lang='grc' dir='ltr'><em>παντοίων</em></span> <span class='ocrx_word' id='word_1_205' title='bbox 822 2324 1089 2376; x_wconf 89' lang='grc' dir='ltr'><em>θανάτων</em></span> <span class='ocrx_word' id='word_1_206' title='bbox 1121 2326 1360 2393; x_wconf 90' lang='grc' dir='ltr'><em>τρόπους</em></span> <span class='ocrx_word' id='word_1_207' title='bbox 1391 2323 1451 2376; x_wconf 83' lang='grc' dir='ltr'><em>ἐν</em></span> <span class='ocrx_word' id='word_1_208' title='bbox 1482 2323 1742 2393; x_wconf 90' lang='grc' dir='ltr'><em>θεάτροις</em></span> <span class='ocrx_word' id='word_1_209' title='bbox 1772 2322 1907 2376; x_wconf 85' lang='grc' dir='ltr'><em>ὑπο-</em></span> <span class='ocrx_word' id='word_1_210' title='bbox 1931 2344 1975 2393; x_wconf 71' lang='lat'><em>25</em></span> 
     </span>
     <span class='ocr_line' id='line_1_28' title="bbox 214 2409 1909 2483; baseline 0.001 -20"><span class='ocrx_word' id='word_1_211' title='bbox 214 2410 476 2480; x_wconf 88' lang='grc' dir='ltr'><em>μένοντες</em></span> <span class='ocrx_word' id='word_1_212' title='bbox 530 2409 618 2463; x_wconf 81' lang='grc' dir='ltr'><em>ἐπὶ</em></span> <span class='ocrx_word' id='word_1_213' title='bbox 673 2419 746 2483; x_wconf 77' lang='grc' dir='ltr'><em>τῷ</em></span> <span class='ocrx_word' id='word_1_214' title='bbox 809 2409 983 2480; x_wconf 78' lang='grc' dir='ltr'><em>μηδὲν</em></span> <span class='ocrx_word' id='word_1_215' title='bbox 1039 2412 1185 2483; x_wconf 82' lang='grc' dir='ltr'><em>ῥῆμα</em></span> <span class='ocrx_word' id='word_1_216' title='bbox 1246 2411 1520 2483; x_wconf 90' lang='grc' dir='ltr'><em>προέσθαι</em></span> <span class='ocrx_word' id='word_1_217' title='bbox 1577 2412 1724 2481; x_wconf 80' lang='grc' dir='ltr'><em>παρὰ</em></span> <span class='ocrx_word' id='word_1_218' title='bbox 1779 2414 1909 2473; x_wconf 85' lang='grc' dir='ltr'><em>τοὺς</em></span> 
     </span>
     <span class='ocr_line' id='line_1_29' title="bbox 213 2497 1909 2571; baseline 0 -19"><span class='ocrx_word' id='word_1_219' title='bbox 213 2503 422 2569; x_wconf 88' lang='grc' dir='ltr'><em>νόμους</em></span> <span class='ocrx_word' id='word_1_220' title='bbox 460 2497 552 2553; x_wconf 87' lang='grc' dir='ltr'><em>καὶ</em></span> <span class='ocrx_word' id='word_1_221' title='bbox 589 2500 684 2562; x_wconf 81' lang='grc' dir='ltr'><em>τὰς</em></span> <span class='ocrx_word' id='word_1_222' title='bbox 731 2501 863 2568; x_wconf 81' lang='grc' dir='ltr'><em>μετὰ</em></span> <span class='ocrx_word' id='word_1_223' title='bbox 902 2502 1117 2554; x_wconf 86' lang='grc' dir='ltr'><em>τούτων</em></span> <span class='ocrx_word' id='word_1_224' title='bbox 1157 2500 1498 2571; x_wconf 90' lang='grc' dir='ltr'><em>ἀναγραφάς.</em></span> <span class='ocrx_word' id='word_1_225' title='bbox 1575 2500 1718 2568; x_wconf 85' lang='grc'>&lt;44&gt;</span> <span class='ocrx_word' id='word_1_226' title='bbox 1759 2499 1787 2552; x_wconf 91' lang='grc' dir='ltr'><strong><em>ὃ</em></strong></span> <span class='ocrx_word' id='word_1_227' title='bbox 1827 2503 1909 2562; x_wconf 90' lang='grc' dir='ltr'><em>τίς</em></span> 
     </span>
     <span class='ocr_line' id='line_1_30' title="bbox 215 2585 1906 2658; baseline -0.001 -16"><span class='ocrx_word' id='word_1_228' title='bbox 215 2588 285 2642; x_wconf 79' lang='grc' dir='ltr'><em>ἂν</em></span> <span class='ocrx_word' id='word_1_229' title='bbox 322 2588 673 2658; x_wconf 82' lang='grc' dir='ltr'><em>ὑπομείνειεν</em></span> <span class='ocrx_word' id='word_1_230' title='bbox 712 2586 992 2657; x_wconf 86' lang='grc' dir='ltr'><em>Ἑλλήνων</em></span> <span class='ocrx_word' id='word_1_231' title='bbox 1031 2586 1169 2657; x_wconf 76' lang='grc' dir='ltr'><em>ὑπὲρ</em></span> <span class='ocrx_word' id='word_1_232' title='bbox 1209 2590 1409 2654; x_wconf 85' lang='grc' dir='ltr'><em>αὑτοῦ;</em></span> <span class='ocrx_word' id='word_1_233' title='bbox 1458 2586 1577 2642; x_wconf 86' lang='grc' dir='ltr'><em>ἀλλ’</em></span> <span class='ocrx_word' id='word_1_234' title='bbox 1613 2586 1734 2641; x_wconf 80' lang='grc' dir='ltr'><em>οὐδ’</em></span> <span class='ocrx_word' id='word_1_235' title='bbox 1769 2585 1906 2656; x_wconf 73' lang='grc' dir='ltr'><em>ὑπὲρ</em></span> 
     </span>
     <span class='ocr_line' id='line_1_31' title="bbox 214 2675 1908 2748; baseline -0.001 -18"><span class='ocrx_word' id='word_1_236' title='bbox 214 2685 314 2730; x_wconf 86' lang='grc' dir='ltr'><em>τοῦ</em></span> <span class='ocrx_word' id='word_1_237' title='bbox 354 2676 443 2730; x_wconf 81' lang='grc' dir='ltr'><em>καὶ</em></span> <span class='ocrx_word' id='word_1_238' title='bbox 482 2677 659 2730; x_wconf 90' lang='grc' dir='ltr'><em>πάντα</em></span> <span class='ocrx_word' id='word_1_239' title='bbox 698 2677 764 2729; x_wconf 77' lang='grc' dir='ltr'><em>τὰ</em></span> <span class='ocrx_word' id='word_1_240' title='bbox 803 2675 929 2747; x_wconf 84' lang='grc' dir='ltr'><em>παρ’</em></span> <span class='ocrx_word' id='word_1_241' title='bbox 960 2678 1147 2742; x_wconf 81' lang='grc' dir='ltr'><em>αὐτοῖς</em></span> <span class='ocrx_word' id='word_1_242' title='bbox 1178 2678 1595 2748; x_wconf 86' lang='grc' dir='ltr'><em>ἀσφαλισθῆναι</em></span> <span class='ocrx_word' id='word_1_243' title='bbox 1630 2677 1908 2748; x_wconf 86' lang='grc' dir='ltr'><em>συγγράμ-</em></span> 
     </span>
     <span class='ocr_line' id='line_1_32' title="bbox 215 2766 1976 2836; baseline 0.001 -17"><span class='ocrx_word' id='word_1_244' title='bbox 215 2785 357 2835; x_wconf 88' lang='grc' dir='ltr'><em>ματα</em></span> <span class='ocrx_word' id='word_1_245' title='bbox 394 2767 496 2834; x_wconf 85' lang='grc' dir='ltr'><em>τὴν</em></span> <span class='ocrx_word' id='word_1_246' title='bbox 535 2772 813 2836; x_wconf 85' lang='grc' dir='ltr'><em>τυχοῦσαν</em></span> <span class='ocrx_word' id='word_1_247' title='bbox 849 2766 1214 2836; x_wconf 83' lang='grc' dir='ltr'><em>ὑποστήσεται</em></span> <span class='ocrx_word' id='word_1_248' title='bbox 1251 2766 1492 2836; x_wconf 88' lang='grc' dir='ltr'><em>βλάβην·</em></span> <span class='ocrx_word' id='word_1_249' title='bbox 1532 2766 1678 2834; x_wconf 77' lang='grc'>&lt;45&gt;</span> <span class='ocrx_word' id='word_1_250' title='bbox 1710 2767 1909 2834; x_wconf 80' lang='grc' dir='ltr'><em>λόγους</em></span> <span class='ocrx_word' id='word_1_251' title='bbox 1931 2787 1976 2820; x_wconf 87' lang='lat'><em>30</em></span> 
     </span>
     <span class='ocr_line' id='line_1_33' title="bbox 217 2844 1909 2924; baseline 0.001 -18"><span class='ocrx_word' id='word_1_252' title='bbox 217 2855 321 2924; x_wconf 80' lang='grc' dir='ltr'><em>γὰρ</em></span> <span class='ocrx_word' id='word_1_253' title='bbox 369 2855 506 2907; x_wconf 80' lang='grc' dir='ltr'><em>αὐτὰ</em></span> <span class='ocrx_word' id='word_1_254' title='bbox 553 2857 873 2923; x_wconf 83' lang='grc' dir='ltr'><em>νομίζουσιν</em></span> <span class='ocrx_word' id='word_1_255' title='bbox 913 2851 1056 2908; x_wconf 82' lang='grc' dir='ltr'><em>εἶναι</em></span> <span class='ocrx_word' id='word_1_256' title='bbox 1103 2856 1238 2909; x_wconf 79' lang='grc' dir='ltr'><em>κατὰ</em></span> <span class='ocrx_word' id='word_1_257' title='bbox 1283 2856 1385 2924; x_wconf 82' lang='grc' dir='ltr'><em>τὴν</em></span> <span class='ocrx_word' id='word_1_258' title='bbox 1423 2864 1534 2908; x_wconf 84' lang='grc' dir='ltr'><em>τῶν</em></span> <span class='ocrx_word' id='word_1_259' title='bbox 1577 2844 1909 2922; x_wconf 75' lang='grc' dir='ltr'><em>γραψάντων</em></span> 
     </span>
    </p>
   </div>
  </div>
 </body>
</html>
