2032 3128
746 112 955 153 ΛοΓοΣ
985 112 1187 153 ΕΚΤΟΣ
1699 108 1805 162 103

130 243 312 313 <226>
352 242 504 307 τέλος
558 241 619 297 δὲ
671 242 760 297 καὶ
814 253 925 297 τῶν
975 253 1222 312 σημαιῶν
1272 244 1331 297 oc
1368 241 1627 296 Ἰουδαῖοι
1676 263 1807 314 κρα-

129 338 285 384 τοῦσι
323 329 413 384 καὶ
444 334 575 394 τοὺς
607 330 917 398 ἀναβάντας
947 333 1403 400 διαφθείρουσιν·
1444 332 1502 385 οἱ
1530 328 1591 384 δὲ
1622 329 1807 384 λοιποὶ

128 421 265 486 πρὸς
303 421 363 472 τὸ
403 429 513 472 τῶν
559 418 925 473 ἀπολωλότων
968 419 1150 481 πάθος
1189 419 1567 488 ὀρρωδοῦντες
1606 418 1807 488 ἀνεχώ-

129 526 284 574 ρουν.
360 506 542 575 <227>
580 516 691 559 τῶν
730 504 830 575 μὲν
871 502 973 560 οὗν
1003 504 1283 575 Ῥωμαίων
1317 507 1587 575 ἄπρακτος
1625 504 1808 568 οὐδεὶς

83 617 104 649 5
130 594 403 660 ἀπέθανε,
456 604 568 647 τῶν
619 592 679 647 δὲ
728 604 1068 648 στασιαστῶν
1115 597 1173 647 οἳ
1213 595 1349 647 κατὰ
1398 595 1493 657 τὰς
1540 592 1806 663 προτέρας

127 683 300 752 μάχας
345 683 689 751 ἠγωνίσαντο
737 687 1004 751 γενναίως
1050 681 1149 743 καὶΙ
1179 686 1326 751 τότε,
1364 681 1454 735 καὶ
1492 681 1807 751 Ἐλεάζαρος

127 770 156 824 6
212 770 544 840 ἀδελφιδοῦς
595 779 695 824 τοῦ
747 771 1026 840 τυράννου
1080 774 1352 839 Σίμωνος.
1430 770 1608 838 <228>
1664 771 1692 824 6
1745 767 1806 823 δὲ

125 861 342 927 Καῖσαρ
383 859 455 922 ὡς
494 856 636 927 ἑώρα
675 859 775 926 τὴν
817 857 904 912 ε’πὶ
943 868 1058 922 τοῖς
1090 859 1400 926 ἀλλοτρίοις
1434 859 1600 927 ἱεροῖς
1631 859 1805 926 φειδὼ

125 950 261 1015 πρὸς
300 947 506 1016 βλάβης
550 956 665 1009 τοῖς
703 948 1058 1016 στρατιώταις
1102 945 1439 1016 γιγνομένην
1477 945 1567 999 καὶ
1606 948 1807 1015 φόνου,

59 1058 102 1088 ιο
124 1037 219 1098 τὰς
255 1036 432 1098 πύλας
470 1033 802 1104 προσέταξεν
842 1035 1126 1103 ὑφάπτειν.

232 1125 414 1192 <229>
453 1123 514 1176 ἐν
547 1119 608 1176 δὲ
639 1123 814 1195 τούτῳ
845 1125 982 1193 πρὸς
1020 1123 1191 1177 αὐτὸν
1223 1123 1626 1191 αὐτομολοῦσιν
1647 1120 1807 1175 ’Ἁνα-

120 1215 216 1275 νός
264 1208 324 1265 θ’
371 1212 399 1266 ὁ
449 1209 538 1264 ἀπ’
580 1210 883 1280 Ἀμμαοῦς,
937 1221 1049 1264 τῶν
1096 1214 1356 1280 Σίμωνος
1402 1213 1736 1281 δορυφόρων
1776 1211 1805 1264 6

120 1301 518 1368 φονικώτατος,
556 1298 647 1352 καὶ
674 1295 960 1369 Ἀρχέλαος
997 1300 1119 1362 υίὸς
1156 1300 1518 1368 Μαγαδάτου,
1558 1296 1807 1367 συγγνώ-

121 1409 230 1457 μην
277 1388 595 1451 ἐλπίσαντες
641 1388 827 1455 ἐπειδὴ
876 1389 1229 1457 κρατούντων
1266 1387 1556 1442 Ἰουδαίων
1600 1388 1807 1457 ἀπεχώ-

54 1500 96 1531 15
121 1497 275 1545 ρουν.
352 1476 535 1546 <230>
582 1480 741 1540 Τίτος
787 1474 849 1529 δὲ
896 1475 986 1529 καὶ
1032 1485 1195 1530 τοῦτο
1235 1478 1600 1546 πανούργημα
1637 1494 1807 1543 πρου-

119 1566 349 1633 βάλλετο
398 1575 509 1618 τῶν
556 1565 806 1634 ἀνδρῶν,
855 1563 947 1618 καὶ
993 1566 1093 1633 τὴν
1134 1566 1309 1634 ἄλλην
1347 1563 1472 1634 περὶ
1510 1567 1640 1627 τοὺς
1670 1563 1807 1618 Ἰου-

119 1655 311 1716 δαιόυς
335 1654 583 1723 ὠμότητα
606 1653 953 1722 πεπυσμένος
984 1654 1203 1722 ὥρμητο
1237 1657 1470 1706 κτείνειν
1499 1651 1806 1721 ἑκατέρους,

117 1739 209 1794 ὑπ’
256 1740 496 1809 ἀνάγκης
548 1738 720 1811 ἦχθαι
774 1740 951 1810 λέγων
1007 1742 1236 1810 αὐτούς,
1292 1742 1394 1795 οὐκ
1445 1741 1503 1795 ἐκ
1552 1740 1807 1813 προαιρέ-

118 1845 253 1893 σεως
305 1839 590 1900 παρεῖναι,
645 1828 736 1882 καὶ
784 1833 1055 1900 σωτηρίας
1106 1830 1208 1883 οὐκ
1255 1829 1441 1894 ἀξίους
1487 1826 1630 1883 εἶναι
1678 1833 1808 1893 τοὺς

50 1942 93 1974 20
117 1918 458 1988 φλεγομένης
487 1920 593 1988 ἤδη
633 1917 705 1972 δι’
745 1920 947 1982 αὐτοὺς
977 1926 1073 1987 τῆς
1103 1920 1366 1989 πατρίδος
1396 1917 1807 1988 ἐξαλλομένους.

117 2007 298 2076 <231>
338 2007 548 2076 ἐκράτει
590 2005 638 2060 δ’
681 2007 827 2076 ὅμως
864 2015 964 2061 τοῦ
1003 2014 1194 2076 θυμοῦ
1233 2007 1266 2075 ἡ
1306 2010 1511 2075 πίστις,
1551 2006 1644 2060 καὶ
1683 2006 1808 2076 ἀφί-

116 2110 208 2163 ησι
246 2099 374 2159 τοὺς
413 2097 635 2166 ἄνδρας,
677 2095 745 2150 οὐ
784 2097 894 2165 μὴν
934 2096 994 2149 ἐν
1035 2102 1126 2167 ἴση
1167 2099 1334 2167 μοίρᾳ
1371 2093 1656 2149 κατέταττε
1694 2105 1809 2158 τοῖς

115 2185 317 2246 ἄλλοις.
1155 2185 1158 2188 ’

225 2272 410 2342 <232>
448 2275 554 2342 ἤδη
590 2270 651 2327 δὲ
681 2283 800 2336 ταῖς
837 2275 1035 2336 πύλαις
1068 2274 1127 2326 οί
1162 2283 1486 2342 στρατιῶται
1524 2280 1808 2343 προσῆγον

46 2383 90 2416 25
114 2363 175 2414 τὸ
214 2370 350 2429 πῦρ,
391 2361 484 2415 καὶ
514 2365 942 2432 περιτηκόμενος
974 2363 1003 2416 6
1036 2363 1277 2430 ἄργυρος
1316 2363 1566 2416 διεδίδου
1605 2360 1810 2431 ταχέως

113 2451 193 2513 εἰς
230 2451 333 2519 τὴν
373 2451 595 2515 ξυλείαν
633 2452 729 2514 τὰς
767 2453 1005 2520 φλόγας,
1045 2453 1214 2503 ἔνθεν
1254 2450 1476 2519 ἀθρόως
1515 2450 1808 2520 ἐκφερόμε-

113 2559 207 2591 ναι
256 2548 368 2592 τῶν
420 2549 599 2593 στοῶν
651 2539 1112 2608 ἐπελαμβάνοντο.
1190 2539 1389 2608 <233>
1435 2548 1550 2601 τοῖς
1589 2536 1638 2591 δ’
1672 2535 1807 2591 Ἰου-

33 2617 35 2619 ,
115 2629 292 2690 δαιόις
346 2627 519 2696 ὁρῶσι
572 2631 635 2682 τὸ
690 2636 801 2697 πῦρ
858 2627 919 2680 ἐν
964 2629 1148 2701 κύκλῳ
1197 2629 1332 2696 μετὰ
1378 2637 1490 2680 τῶν
1541 2627 1809 2695 σωμάτων

111 2719 464 2786 παρείθησαν
511 2717 574 2769 αί
616 2719 816 2786 ψυχαί,
867 2714 958 2769 καὶ
1010 2717 1103 2769 διὰ
1148 2718 1250 2785 τὴν
1297 2714 1632 2784 κατάπληξιν
1672 2713 1810 2784 ἀμύ-

43 2824 87 2855 30
111 2823 233 2857 νειν
272 2801 374 2873 μὲν
414 2804 448 2873 ἢ
488 2806 782 2874 σβεννύειν
823 2806 1080 2874 ὥρμησεν
1118 2805 1320 2872 οὐδείς,
1361 2805 1542 2873 <234>
1583 2799 1710 2857 αὖοι
1750 2800 1800 2855 δ’

113 2891 342 2956 ἑστῶτες
380 2892 667 2963 ἀφεώρων.
708 2892 777 2947 οὐ
816 2894 926 2963 μὴν
965 2895 1102 2964 πρὸς
1131 2895 1193 2947 τὸ
1227 2894 1628 2962 δαπανώμενον
1667 2890 1808 2944 ἀθυ-
