2032 3128
107 1043 150 1073 10

110 1483 151 1515 15

11 1932 15 1934 ⁷
107 1925 149 1957 20

110 2367 151 2398 25

107 2810 150 2841 30

731 97 941 139 ΛΟΓΟΣ
973 97 1288 140 ΔΕΥΤΕΡΟΣ
1739 94 1848 147 243

176 226 529 296 προσέταξεν·
577 229 606 280 ὅ
645 248 702 282 τε
748 231 878 297 μετὰ
917 239 1085 284 ταῦτα
1131 230 1537 294 κατασκευάσας
1579 232 1674 284 τὸν
1713 232 1850 284 ναὸν

175 318 272 369 τὸν
312 315 371 368 ἐν
404 313 808 386 Ἱεροσολύμοις
846 318 1118 387 Σολομὼν
1157 318 1331 386 πάσης
1370 317 1629 388 ἀπέσχετο
1668 319 1850 372 τοιαύ-

175 424 269 472 της
304 407 616 473 περιεργίας
654 406 777 458 οἵαν
817 404 1200 475 συμπέπλακεν
1233 404 1448 459 Ἀπίων.
1511 406 1654 476 <13>
1690 406 1851 460 ἀκοῦ-

176 507 266 545 σαι
306 491 373 545 δέ
406 507 540 561 φησι
579 502 688 546 τῶν
727 491 1116 564 προσβυτέρων
1157 494 1239 547 ὅτι
1278 497 1526 564 Μωυσῆς
1561 491 1631 563 ἦν
1666 492 1850 548 ‘Hm-

173 582 415 649 πολίτης,
456 581 711 649 δηλονότι
752 583 1014 652 νεώτερος
1052 579 1152 652 μὲν
1185 583 1263 636 ὢν
1303 583 1484 651 αὐτός,
1524 582 1753 645 ἐκείνοις
1792 579 1853 635 δὲ

173 670 465 731 πιστεύσας
517 679 631 732 τοῖς
684 671 775 723 διὰ
827 672 928 739 τὴν
979 670 1198 738 ἡλικίαν
1252 669 1631 740 ἐπισταμένοις
1684 663 1854 724 αὐτὸν

173 754 263 809 καὶ
303 756 744 826 συγγενομένοις.
821 757 856 824 <
869 757 979 826 14>
1024 756 1115 810 καὶ
1161 757 1285 828 περὶ
1332 755 1432 827 μὲν
1471 756 1710 828 Ὁμήρου
1755 766 1854 812 τοῦ

173 854 429 913 ποιητοῦ,
475 847 844 915 γραμματικὸς
891 846 968 897 ὢν
1009 846 1173 908 αὐτὸς
1220 846 1322 898 οὐκ
1371 845 1440 899 ἂν
1481 848 1594 916 ἔχοι
1641 849 1722 908 τίς
1759 846 1853 898 αὐ-

173 941 272 986 τοῦ
321 937 512 1002 πατρίς
559 933 671 987 ε’στι
720 934 1255 1002 διαβεβαιωσάμενος
1304 935 1496 1003 εἰπεῖν,
1551 930 1682 987 οὐδὲ
1731 929 1885 1002 περὶ“

175 1023 520 1088 Πυθαγόρου
566 1023 739 1089 μόνον
787 1025 889 1075 οὐκ
938 1018 1097 1091 ἐχθὲς
1148 1019 1240 1075 καὶ
1293 1019 1486 1093 πρῴην
1540 1023 1854 1090 γεγονότος·

173 1106 298 1172 περὶ
344 1105 405 1161 δὲ
444 1107 741 1178 Μωυσέος,
794 1110 1037 1182 τοσούτῳ
1084 1112 1288 1177 πλήθει
1333 1110 1674 1178 προάγοντος
1721 1109 1856 1162 ἐκεί-

175 1216 307 1259 νους
345 1196 502 1263 ἐτῶν,
548 1197 721 1260 οὕτως
763 1196 1125 1267 ἀποφαίνεται
1165 1198 1370 1270 ῥᾳδίως
1407 1198 1682 1251 πιστεύων
1721 1197 1855 1267 ἀκοῇ

173 1284 579 1355 πρεσβυτέρων,
632 1286 704 1348 ὡς
751 1287 917 1355 δῆλός
969 1285 1083 1339 ἐστι
1132 1286 1627 1355 καταψευσάμενος.
1711 1284 1855 1353 <15>

175 1375 239 1426 τὰ
287 1371 347 1426 δὲ
394 1375 462 1442 δὴ
508 1383 618 1427 τῶν
656 1376 872 1444 χρόνων
913 1373 973 1427 ἐν
1013 1367 1096 1437 οἷς
1135 1388 1270 1444 φησι
1309 1376 1406 1428 τὸν
1444 1377 1701 1442 Μωυσῆν
1740 1372 1856 1437 ἐξα-

176 1471 364 1529 γαγεῖν
411 1464 540 1524 τοὺς
586 1466 897 1532 λεπρῶντας
942 1460 1033 1515 καὶ
1087 1465 1331 1532 τυφλοὺς
1382 1460 1473 1515 καὶ
1522 1463 1618 1526 τὰς
1671 1464 1858 1532 βάσεις

173 1549 624 1619 πεπηρωμένους,
672 1552 890 1620 σφόδρα
930 1551 998 1619 δὴ
1037 1559 1153 1612 τοῖς
1198 1552 1304 1619 πρὸ
1343 1550 1515 1604 αὐτοῦ
1564 1552 1858 1620 συμπεφώ-

173 1657 359 1706 νηκεν,
414 1638 487 1701 ὡς
542 1635 720 1708 οἶμαι,
775 1639 804 1692 ὁ
858 1639 1229 1707 γραμματικὸς
1283 1638 1311 1691 ὁ
1368 1637 1608 1708 ἀκριβής.
1696 1638 1732 1706 <
1745 1640 1858 1709 16>

172 1727 461 1779 Μανεθὼν
522 1723 623 1795 μὲν
677 1728 781 1797 γὰρ
840 1727 975 1779 κατὰ
1029 1728 1131 1795 τὴν
1191 1727 1513 1794 Τεθμώσιος
1572 1730 1858 1796 βασιλείαν

174 1813 559 1883 ἀπαλλαγῆναί
593 1830 765 1884 φησιν
806 1814 859 1879 ἐξ
900 1815 1188 1883 Αἰγύπτου
1227 1817 1357 1878 τοὺς
1390 1813 1714 1884 Ἰουδαίους,
1751 1818 1859 1886 πρὸ

175 1903 310 1957 ἐτῶν
370 1908 699 1974 τριακοσίων
755 1904 1084 1973 ἐνενήκοντα
1150 1913 1318 1974 τριῶν
1376 1910 1470 1972 τῆς
1529 1905 1608 1966 εἰς
1658 1902 1862 1974 ’Ἄργος

174 1996 406 2046 Δαναοῦ
466 2000 674 2062 φυγῆς,
735 1995 1055 2062 Λυσίμαχος
1117 1989 1177 2045 δὲ
1237 1992 1374 2045 κατὰ
1427 1994 1702 2062 Βόκχοριν
1762 1995 1860 2047 τὸν

174 2079 429 2149 βασιλέα,
474 2080 721 2134 τουτέστι
766 2083 874 2151 πρὸ
915 2080 1052 2134 ἐτῶν
1098 2084 1292 2151 χιλίων
1332 2078 1691 2148 ἑπτακοσίων,
1737 2084 1859 2134 Μό-

175 2174 288 2222 λων
329 2166 390 2222 δὲ
428 2168 518 2222 καὶ
558 2170 715 2223 ἄλλοι
754 2167 897 2232 τινὲς
937 2170 1010 2233 ὡς
1048 2169 1233 2232 αὐτοῖς
1273 2168 1479 2232 ἔδοξεν·
1546 2168 1692 2238 <17>
1732 2169 1762 2223 ὁ
1799 2167 1865 2222 δέ

175 2277 235 2325 γε
292 2258 514 2311 πάντων
569 2259 887 2321 πιστότατος
936 2254 1141 2311 Ἀπίων
1203 2258 1439 2327 ὡρίσατο
1500 2258 1602 2326 τὴν
1663 2256 1857 2321 ἔξοδον

176 2346 437 2416 ἀκριβῶς,
490 2347 624 2400 κατά
678 2347 778 2415 τὴν
829 2344 1071 2415 ἑβδόμην
1124 2346 1462 2416 ὀλυμπιάδα,
1515 2344 1606 2399 καὶ
1660 2347 1859 2415 ταύτης

175 2439 292 2498 ετος
341 2431 482 2487 εἶναι
524 2444 743 2502 πρῶτον
783 2435 843 2488 ἐν
882 2455 951 2506 ω,
1005 2437 1168 2504 φησί,
1215 2435 1584 2504 Καρχηδόνα
1575 2436 1857 2497 Φοίνικες

175 2527 406 2576 ε’κτισαν.
480 2531 642 2577 τοῦτο
684 2521 745 2576 δε
782 2524 1000 2586 πάντως
1037 2523 1367 2592 προσέθηκε,
1405 2526 1467 2577 τὸ
1506 2524 1855 2592 Καρχηδόνα,

172 2615 465 2681 τεκμήριον
511 2613 762 2681 οἰόμενος
808 2612 955 2684 αὑτῷ
1007 2610 1267 2679 γενέσθαι
1318 2620 1411 2680 τῆς
1458 2611 1720 2680 ἀληθείας
1770 2610 1856 2665 ε’ν-

133 2699 528 2770 αργέστατον·
584 2701 652 2754 οὐ
708 2708 906 2770 συνῆκε
959 2698 1020 2753 δε
1065 2698 1193 2753 καθ’
1232 2699 1432 2754 ἑαυτοῦ
1480 2701 1579 2753 τὸν
1629 2701 1854 2770 ἔλεγχον

175 2788 561 2858 ἐπισπώμενος.
625 2789 769 2858 <18>
802 2791 854 2843 εἰ
882 2790 986 2858 γὰρ
1017 2787 1140 2856 περὶ
1172 2796 1266 2858 τῆς
1296 2788 1546 2851 ἀποικιας
1575 2789 1854 2841 πιστεύειν

175 2880 263 2931 δεῖ
304 2887 421 2941 ταῖς
470 2881 749 2931 Φοινίκων
797 2877 1162 2948 ἀναγραφαῖς,
1216 2877 1275 2931 ἐν
1323 2876 1553 2940 ἐκείναις
1599 2878 1854 2947 Εἴρωμος

1503 2963 1588 3007 16*
