2032 3128
214 57 287 109 20
655 57 779 100 'ro‘r
810 57 1149 100 IOTAAIKOT
1179 58 1485 100 ΠΟΛΕΜΟΥ

214 192 769 260 μεθερμηνευόμενον
823 190 1030 243 Ελλάδι
1079 190 1298 260 γλώσσῃ
1344 190 1524 258 Καινὴ
1572 189 1768 258 λέγοιτ’
1824 190 1893 244 ἂν

214 281 388 341 πόλις.
463 277 644 346 <152>
682 277 962 347 δεομένων
1001 273 1105 331 οὖν
1134 287 1245 330 τῶν
1277 279 1445 347 ταύτῃ
1478 276 1694 347 σκέπης,
1734 279 1763 332 ὁ
1796 297 1896 332 πα-

216 368 316 437 τὴρ
356 374 456 420 τοῦ
486 373 591 419 νῦν
623 364 890 435 βασιλέως
927 363 1017 419 καὶ
1051 366 1340 435 ὁμώνυμος
1356 364 1652 436 Ἀγρίππας
1676 368 1897 435 ἄρχεται

219 452 319 523 μὲν
360 451 427 507 οὗ
465 456 798 524 προείπομεν
836 457 1072 524 τείχους,
1114 455 1298 517 δείσας
1336 451 1398 507 δὲ
1436 456 1722 508 Κλαύδιον
1763 457 1896 508 Καί-

203 557 385 617 σαρα,
431 544 504 611 μὴ
543 544 604 596 τὸ
651 542 885 611 μέγεθος
923 550 1019 611 τῆς
1057 550 1388 611 κατασκευῆς
1425 541 1513 595 ἐπὶ
1551 549 1897 613 νεωτερισμῷ
1943 563 1964 596 5
2012 553 2015 555 ’

217 631 553 700 πραγμάτων
591 631 874 702 ὑπονοήσῃ
914 629 1006 684 καὶ
1046 631 1301 699 στάσεως,
1339 632 1569 684 παύεται
1605 634 1901 699 θεμελίους

218 722 394 788 μόνον
444 722 761 788 βαλόμενος.
837 718 1020 788 <153>
1071 717 1162 772 καὶ
1207 720 1311 789 γὰρ
1358 717 1479 773 οὐδ’
1526 718 1595 772 ἂν
1645 715 1716 787 ἦν
1763 718 1902 772 ἁλώ-

219 822 377 876 σιμος
415 807 449 876 ἡ
488 811 661 876 πόλις,
695 809 753 860 ,εἰ
787 809 1097 877 προύκοπτε
1136 810 1198 861 τὸ
1236 817 1413 878 τεῖχος
1451 808 1524 870 ὡς
1562 806 1777 876 ἤρξατο.
1821 810 1901 860 λί-

218 901 346 958 θοις
400 893 501 964 μὲν
555 897 659 966 γὰρ
714 898 1083 967 εἰκοσιπήχεσι
1136 898 1196 949 τὸ
1252 903 1421 965 μῆκος
1475 894 1566 949 καὶ
1626 898 1688 949 τὸ
1743 891 1905 966 εὖρος

221 986 548 1054 δεκαπήχεσι
611 987 1014 1053 συνηρμόζετο,
1076 982 1215 1053 μήθ’
1284 985 1631 1055 ὑπορυγῆναι
1693 985 1903 1057 σιδήρῳ
1929 1007 1970 1038 10

221 1072 427 1143 ῥᾳδίως
473 1070 608 1141 μήθ’
659 1070 751 1126 ὑπ’
808 1073 1068 1142 ὀργάνοις
1119 1075 1506 1142 διασεισθῆναι
1553 1070 1903 1141 δυναμένοις·

220 1161 401 1228 <154>
442 1160 573 1214 δέκα
612 1159 673 1213 δὲ
711 1163 900 1231 πήχεις
939 1161 1071 1215 αὐτὸ
1110 1163 1172 1215 τὸ
1210 1171 1389 1232 τεῖχος
1429 1161 1775 1229 ἐπλατύνετο,
1814 1158 1905 1213 καὶ

219 1251 280 1303 τὸ
320 1249 462 1314 ὕψος
499 1248 667 1303 πλέον
716 1246 817 1318 μὲν
857 1248 925 1302 ἂν
966 1249 1038 1312 ὡς
1086 1252 1230 1313 εἰκὸς
1269 1252 1390 1319 ἔσχε
1430 1252 1503 1318 μὴ
1544 1249 1907 1302 διακωλυθεί-

221 1351 317 1406 σης
363 1345 459 1407 τῆς
503 1346 604 1391 τοῦ
649 1336 1060 1407 καταρξαμένου
1107 1341 1431 1407 φιλοτιμίας.
1510 1337 1691 1406 <155>
1740 1333 1907 1400 αὖθις

221 1425 308 1494 δέ,
354 1429 530 1479 καίτοι
577 1427 711 1495 μετὰ
759 1428 1005 1495 σπουδῆς
1053 1427 1405 1495 ἐγειρόμενον
1451 1427 1560 1480 ὑπὸ
1602 1424 1906 1494 Ἰουδαίων,
1933 1448 1973 1481 15

218 1517 297 1578 εἰς
335 1520 510 1567 εἴκοσι
556 1517 744 1586 πήχεις
783 1512 1009 1584 ἀνέστη,
1058 1513 1149 1568 καὶ
1190 1516 1437 1586 διπήχεις
1475 1511 1576 1584 μὲν
1614 1515 1710 1577 τὰς
1748 1514 1929 1570 ἐπάλ-.

219 1603 329 1667 ξεις
366 1605 643 1674 τριπήχεις
692 1600 752 1656 δε
799 1605 928 1666 τοὺς
965 1614 1332 1674 προμαχῶνας
1371 1599 1544 1674 εἶχεν,
1586 1604 1660 1666 ὡς
1697 1605 1758 1656 τὸ
1797 1611 1908 1656 πᾶν

219 1691 361 1756 ὕψος
400 1693 479 1755 εἰς
517 1697 692 1745 εἴκοσι
729 1691 890 1745 πέντε
929 1695 1117 1762 πήχεις
1156 1692 1538 1746 ἀνατετάσθαι.

333 1780 514 1849 <156>
551 1788 653 1834 τοῦ
700 1778 761 1833 δε
800 1784 1014 1851 τείχους
1057 1782 1349 1851 ὑπερεῖχον
1389 1782 1448 1836 οἱ
1481 1782 1685 1852 πύργοι
1721 1783 1911 1851 πήχεις

219 1874 393 1922 εἴκοσι
441 1889 543 1938 μεν
590 1870 670 1932 εἰς
716 1865 879 1939 εὖρος
924 1875 1099 1924 εἴκοσι
1139 1866 1189 1923 δ’
1236 1872 1314 1933 εἰς
1359 1870 1531 1939 ύψος,
1578 1869 1917 1939 τετράγωνοί
1934 1891 1977 1923 20
2031 1878 2032 1881 ’

218 1976 275 2010 τε
314 1955 406 2010 καὶ
443 1959 670 2026 πλήρεις
714 1959 896 2028 ὥσπερ
937 1958 1071 2012 αὐτὸ
1110 1961 1171 2013 τὸ
1210 1969 1387 2029 τεῖχος
1426 1961 1603 2021 ὄντες·
1642 1959 1676 2027 ἥ
1709 1978 1770 2026 γε
1803 1958 1911 2027 μὴν

220 2045 459 2115 ἁρμονία
498 2044 589 2098 καὶ
631 2048 692 2100 τὸ
732 2047 932 2110 κάλλος
971 2057 1080 2101 τῶν
1111 2052 1290 2101 λίθων
1330 2045 1498 2102 οὐδὲν
1537 2047 1726 2100 ἀπέδει
1757 2055 1911 2100 ναοῦ.

220 2132 404 2202 <157>
443 2134 578 2202 μετὰ
619 2131 680 2187 δὲ
718 2135 780 2188 τὸ
819 2137 1025 2190 ναστὸν
1059 2136 1201 2201 ὕψος
1235 2146 1346 2189 τῶν
1384 2137 1632 2207 πύργων,
1671 2136 1804 2204 ὅπερ
1843 2131 1913 2204 ἦν

221 2225 566 2292 εἰκοσίπηχυ,
620 2227 942 2287 πολυτελεῖς
993 2220 1135 2293 ἦσαν
1183 2222 1356 2293 οἶκοι,
1412 2223 1503 2278 καὶ
1553 2224 1914 2294 καθύπερθεν

219 2311 469 2382 ὑπερῷα,
518 2309 816 2379 δεξαμεναί
848 2332 904 2365 τε
951 2315 1089 2382 πρὸς
1138 2315 1234 2376 τὰς
1271 2323 1382 2367 τῶν
1419 2314 1596 2367 ὑετῶν
1635 2313 1914 2382 ὑποδοχὰς
1938 2334 1980 2366 25

222 2398 335 2453 ἐκεῖ
362 2404 628 2468 πλεῖσται,
659 2398 750 2453 καὶ
782 2405 1031 2454 πλατεῖαι
1062 2399 1193 2455 καθ’
1225 2402 1456 2473 ἕκαστον
1481 2403 1691 2455 ἄνοδοι.
1731 2401 1912 2470 <158>

220 2489 506 2550 τοιούτους
562 2485 664 2557 μὲν
719 2484 823 2542 οὖν
881 2491 1128 2558 πύργους
1181 2492 1242 2544 τὸ
1297 2493 1484 2560 τρίτον
1538 2499 1715 2560 τεῖχος
1768 2486 1913 2559 εἶχεν

221 2576 574 2645 ἐνενήκοντα·
613 2577 680 2629 τὰ
721 2573 782 2629 δὲ
821 2579 1162 2648 μεταπύργια
1193 2579 1407 2632 τούτων
1439 2579 1546 2631 ἀνὰ
1577 2581 1765 2648 πήχεις
1797 2580 1913 2631 δια-

219 2668 456 2727 κοσίους.
513 2667 574 2718 τὸ
609 2662 658 2717 δ’
698 2661 768 2718 αὖ
802 2665 972 2734 μέσον
1006 2669 1085 2730 εἰς
1117 2668 1610 2737 τετταρασκαίδεκα
1649 2669 1916 2736 πύργους,

219 2754 293 2806 τὸ·
316 2750 363 2805 δ’
397 2753 627 2823 ἀρχαῖον
651 2755 731 2817 εἰς
756 2752 1017 2822 ἑξήκοντα
1042 2755 1348 2826 μεμέριστο.
1388 2756 1568 2824 <159>
1593 2763 1685 2824 τῆς
1709 2759 1918 2818 πόλεως
1941 2777 1984 2809 30

222 2839 271 2893 δ’
315 2841 343 2895 ὁ
391 2849 495 2904 πᾶς
539 2843 739 2906 κύκλος
790 2845 1031 2898 σταδίων
1076 2841 1147 2913 ἦν
1196 2845 1492 2916 τριάκοντα
1541 2854 1726 2913 τριῶν.
1774 2850 1916 2897 θαυ-
