2032 3128
722 86 932 127 ΛΟΓΟΣ
962 86 1280 128 ΔΕΥΤΕΡΟΣ
1733 83 1842 134 273

277 219 458 286 <188>
502 221 583 280 τίς
628 217 697 270 ἂν
745 214 847 271 οὖν
887 218 1024 288 ἀρχὴ
1064 217 1279 286 γένοιτο
1318 219 1516 287 ταύτης
1555 216 1842 285 ὁσιωτέρα;
1877 232 1933 269 22

166 311 244 368 τίς
287 303 348 358 δὲ
385 311 500 377 θεῷ
547 307 672 374 τιμὴ
721 311 931 374 μᾶλλον
970 306 1304 375 ἁρμόζουσα,
1350 309 1552 369 παντὸς
1598 303 1698 375 μὲν
1744 313 1844 359 τοῦ

165 397 417 463 πλήθους
462 394 967 463 κατεσκευασμένου
1021 396 1156 464 πρὸς
1202 395 1303 462 τὴν
1348 394 1652 463 εὐσέβειαν,
1706 393 1845 458 ἐξαί-

166 502 326 550 ρετον
373 479 434 534 δὲ
481 483 580 550 τὴν
630 482 938 551 ἐπιμέλειαν
983 492 1094 536 τῶν
1143 482 1333 553 ἱερέων
1382 482 1844 552 πεπιστευμένων,

123 592 144 624 5
169 572 349 640 ὥσπερ
391 568 451 623 δὲ
482 575 696 639 τελετῆς
734 591 883 634 τινος
919 580 1014 640 τῆς
1053 572 1182 640 ὅλης
1220 575 1494 634 πολιτείας
1523 573 1847 640 οἰκονομου-

166 658 355 728 μένης;
413 660 592 727 <189>
640 660 673 712 ἃ
721 662 823 728 γὰρ
870 660 1074 728 ὀλίγων
1118 659 1337 729 ἡμερῶν
1383 659 1626 729 ἀριθμὸν
1670 659 1848 728 ἐπιτη-

169 749 428 810 δεύοντες
465 749 623 801 ἄλλοι
669 749 964 817 φυλάττειν
1005 748 1071 800 οὐ
1110 749 1401 816 δύνανται,
1449 750 1719 817 μυστήρια
1758 747 1848 800 καὶ

166 837 382 899 τελετὰς
428 837 812 904 ὀνομάζοντες,
865 845 1034 890 ταῦτα
1081 838 1213 906 μετὰ
1258 841 1463 905 πολλῆς
1507 836 1711 904 ἡδονῆς
1760 834 1850 888 καὶ

168 925 390 993 γνώμης
429 925 822 994 ἀμεταπείστου
869 927 1216 995 φυλάττομεν
1255 925 1407 993 ἡμεῖς
1450 926 1541 977 διὰ
1579 931 1677 977 τοῦ
1717 943 1852 977 παν-

103 1034 146 1065 10
170 1015 263 1075 τὸς
311 1015 524 1075 αι’ῶνος.
601 1017 746 1076 τίνες
793 1009 897 1066 οὖν
942 1011 1084 1066 εἰσὶν
1124 1014 1185 1065 αἱ
1221 1015 1551 1083 προρρήσεις
1588 1011 1678 1065 καὶ
1718 1011 1853 1065 άπα-

168 1103 475 1170 γορεύσεις;
532 1100 702 1154 ἁπλαῖ
744 1121 798 1154 τε
847 1100 937 1154 καὶ
983 1102 1267 1170 γνώριμοι.
1345 1101 1524 1169 <19Ο>
1563 1103 1748 1169 πρώτη
1797 1099 1846 1154 δ’

167 1189 376 1257 ἡγεῖται
432 1188 557 1259 περὶ
610 1195 749 1243 θεοῦ
810 1189 1073 1258 λέγουσα,
1128 1190 1156 1243 ὁ
1211 1192 1342 1252 θεὸς
1397 1193 1505 1260 ἔχει
1559 1190 1623 1242 τὰ
1675 1189 1878 1242 πάντα·

167 1280 437 1347 παντελὴς
483 1277 572 1331 καὶ
620 1279 908 1348 μακάριος,
963 1279 1126 1341 αὐτὸς
1173 1277 1347 1350 ἑαυτῷ
1401 1277 1489 1330 καὶ
1544 1286 1712 1330 πᾶσιν
1760 1278 1856 1330 αὐ-

166 1366 392 1435 τάρκης,
441 1365 577 1435 ἀρχὴ
618 1365 709 1419 καὶ
756 1366 894 1435 μέσα
932 1365 1022 1419 καὶ
1061 1366 1214 1428 τέλος
1259 1363 1421 1429 οὗτος
1465 1376 1575 1419 τῶν
1614 1366 1857 1434 πάντων,

102 1475 143 1506 15
169 1457 350 1524 ἔργοις
397 1452 497 1523 μὲν
552 1453 642 1507 καὶ
693 1455 912 1524 χάρισιν
959 1454 1192 1524 ἐναργὴς
1230 1453 1320 1507 καὶ
1359 1457 1563 1517 παντὸς
1605 1455 1857 1508 οὑτινοσ-

168 1550 271 1595 οῦν
317 1545 721 1611 φανερώτερος,
774 1545 997 1612 μορφὴν
1045 1539 1105 1595 δὲ
1144 1541 1235 1595 καὶ
1275 1541 1510 1611 μέγεθος
1543 1542 1675 1611 ἡμῖν
1715 1544 1857 1611 ἄφα-

167 1646 280 1696 τος·
335 1631 517 1699 <191>
557 1639 704 1684 πᾶσα
751 1628 853 1700 μὲν
899 1633 1003 1699 γὰρ
1043 1631 1147 1700 ὕλη
1187 1632 1323 1700 πρὸς
1365 1634 1552 1684 εἰκόνα
1592 1632 1693 1700 τὴν
1733 1632 1857 1684 τού-

167 1739 291 1787 του,
343 1719 448 1772 κόὶν
493 1714 527 1790 ᾗ
573 1722 902 1788 πολυτελής,-
948 1721 1164 1788 άτιμος,
1211 1727 1357 1773 πᾶσα
1407 1717 1466 1772 δὲ
1512 1719 1674 1790 τέχνη
1722 1722 1860 1788 πρὸς

169 1811 445 1877 μιμήσεως
478 1809 731 1861 ἐπίνοιαν
770 1809 1015 1878 ἄτεχνος·
1057 1806 1224 1862 οὐδὲν
1257 1809 1452 1876 ὅμοιον
1492 1806 1609 1861 οὔτ’
1637 1810 1859 1876 εἴδομεν

103 1918 144 1949 20
170 1894 286 1950 οὔτ’
323 1897 654 1965 ἐπινοοῦμεν
686 1891 804 1950 οὔτ’
835 1897 1066 1961 εἰκάζειν
1100 1895 1249 1953 ἐστὶν
1286 1897 1458 1950 ὅσιον.
1512 1898 1694 1966 <192>
1725 1900 1859 1966 ἔργα

170 1984 446 2053 βλέπομεν
485 1985 684 2053 αὐτοῦ,
727 1995 871 2053 φῶς,
911 1985 1171 2056 οὐρανόν,
1211 1993 1333 2053 γῆν,
1372 1986 1534 2053 ἥλιον
1571 1984 1662 2038 καὶ
1703 1989 1860 2054 σελή-

169 2095 292 2145 νην,
332 2075 528 2143 ὕδατα,
569 2073 720 2146 ζῴων
760 2073 1018 2142 γενέσεις,
1056 2083 1282 2142 καρπῶν
1322 2074 1626 2137 ἀναδόσεις.
1691 2082 1860 2127 ταῦτα

170 2164 198 2216 ὁ
246 2165 379 2225 θεὸς
425 2162 678 2231 ἐποίησεν
730 2162 798 2217 οὐ
853 2165 1066 2232 χερσίν,
1121 2163 1188 2215 οὐ
1234 2166 1453 2230 πόνοις,
1508 2162 1646 2215 οὐδέ
1690 2183 1861 2215 τινων

170 2250 663 2321 συνεργασομένων
720 2251 1055 2320 ἐπιδεηθείς,
1110 2250 1227 2305 ἀλλ’
1275 2251 1448 2304 αὐτοῦ
1503 2253 1642 2304 καλὰ
1696 2253 1862 2319 θελή-

103 2358 145 2390 25
172 2355 370 2403 σαντος
415 2345 593 2403 καλῶς
638 2337 708 2410 ἦν
748 2340 921 2402 εὐθὺς
959 2342 1240 2408 γεγονότα.
1317 2341 1492 2409 τούτῳ
1535 2342 1623 2393 δεῖ
1656 2340 1864 2403 πάντας

173 2429 528 2496 ἀκολουθεῖν,
573 2427 663 2482 καὶ
702 2430 1036 2498 θεραπεύειν
1076 2429 1246 2482 αὐτὸν
1286 2428 1593 2491 ἀσκοῦντας
1640 2428 1861 2497 ἀρετήν·

173 2521 374 2587 τρόπος
411 2519 516 2587 γὰρ
555 2523 696 2571 θεοῦ
734 2522 1033 2587 θεραπείας
1071 2513 1231 2580 οὗτος
1270 2517 1582 2580 ὁσιώτατος.

285 2606 468 2676 <193>
516 2599 594 2669 εἷς
638 2608 772 2669 ναὸς
815 2605 941 2668 ἑνὸς
985 2611 1125 2659 θεοῦ
1177 2603 1370 2677 (φίλον
1417 2607 1520 2674 γὰρ
1570 2604 1653 2658 ἀεὶ
1700 2604 1864 2658 παντὶ
1898 2619 1954 2656 23
1992 2629 1995 2631 >

131 2756 134 2759 ,
175 2696 235 2748 τὸ
291 2693 538 2766 ὅμοιον),
592 2697 779 2757 κοινὸς
833 2694 1090 2747 ἁπάντων
1148 2702 1343 2747 κοινοῦ
1397 2700 1538 2747 θεοῦ
1592 2693 1867 2747 ἁπάντων.

108 2803 151 2833 30
176 2793 374 2837 τοῦτον
411 2785 788 2852 θεραπεύουσι
828 2780 930 2852 μὲν
971 2783 1063 2836 διὰ
1101 2783 1304 2845 παντὸς
1340 2783 1397 2836 oc
1435 2784 1616 2851 ἱερεῖς,
1654 2782 1865 2850 ἡγεῖται

177 2869 237 2924 δὲ
284 2873 498 2925 τούτων
545 2872 574 2925 ὁ
620 2881 834 2941 πρῶτος
889 2870 973 2924 ἀεὶ
1026 2873 1160 2925 κατὰ
1215 2870 1388 2939 γένος.
1472 2870 1659 2939 <194>
1706 2866 1869 2933 οὗτος

267 2967 477 2999 Iosnpmss.
516 2967 581 2999 VI.
1545 2961 1599 3000 18
