2032 3128
755 81 963 122 ΛΟΓΟΣ
996 81 1197 121 ΕΚΤΟΣ
1713 80 1738 130 1
1752 79 1818 130 15

135 217 299 279 πίνει,
340 212 430 265 καὶ
470 212 499 266 ὃ
540 211 728 282 φέρων
760 209 892 281 ἧκεν
925 212 1149 280 ἀγγεῖον
1178 214 1389 280 πλήσας
1419 213 1621 275 ὕδατος
1653 211 1819 285 ᾤχετο

135 303 359 370 φεύγων
397 302 512 354 ἄνω
550 303 687 369 πρὸς
725 304 856 364 τοὺς
895 299 1208 370 σφετέρους.
1261 301 1444 369 <320>
1481 310 1593 354 τῶν
1626 299 1688 354 δὲ
1721 322 1822 370 φυ-

134 389 317 442 λάκων
370 393 698 458 καταλαβεῖν
753 386 855 458 μὲν
909 387 1092 451 οὐδεὶς
1147 394 1363 458 ἴσχυσε,
1417 391 1553 457 πρὸς
1608 386 1668 442 δὲ
1719 391 1821 458 τὴν

133 477 389 530 ἀπιστίαν
438 477 847 547 ἐβλασφήμουν.
923 476 1173 538 κάκεῖνος
1219 474 1387 529 οὐδὲν
1433 479 1538 545 ἔφη
1584 480 1821 547 παραβε-

87 587 106 617 5
130 564 357 634 βηκέναι
410 574 522 618 τῶν
577 571 903 634 συνθηκῶν·
966 568 1158 633 λαβεῖν
1209 565 1313 633 γὰρ
1366 563 1553 628 δεξιὰν
1604 565 1672 618 οὐ
1720 572 1820 617 τοῦ

130 652 317 721 μένειν
348 651 474 722 παρ’
514 652 719 720 αὐτοῖς,
761 653 900 707 ἀλλὰ
931 661 1031 706 τοῦ
1062 656 1366 720 καταβῆναι
1398 655 1573 721 μόνον
1604 651 1694 705 καὶ
1726 657 1819 705 λα-

127 745 250 809 βεῖν
295 741 475 812 ὕδωρ,
525 743 662 811 άπερ
711 741 993 811 ἀμφότερα
1037 741 1349 809 πεποιηκὼς
1393 743 1585 803 πιστὸς
1630 740 1819 804 ἔδοξεν

126 826 285 882 εἶναι.
361 829 544 897 <321>
584 830 645 882 τὸ
686 826 788 898 μὲν
829 830 897 897 δὴ
937 829 1303 897 πανούργημα
1344 829 1437 880 διὰ
1468 828 1568 895 τὴν
1599 828 1820 896 ἡλικίαν

126 918 360 985 μάλιστα
422 926 520 970 τοῦ
581 918 779 979 παιδὸς
847 916 1240 985 ἀπεθαύμαζον
1302 917 1360 969 οἱ
1415 915 1816 985 πλανηθέντες·

58 1027 101 1058 10
125 1004 339 1075 πέμπτῃ
387 1004 437 1057 δ’
483 1004 658 1077 ἡμέρᾳ
704 1006 1066 1074 λιμώττοντες
1104 1006 1162 1058 οἱ
1198 1005 1362 1073 ἱερεῖς
1400 1008 1818 1074 καταβαίνουσι,

123 1092 214 1146 καὶ
268 1095 406 1164 πρὸς
466 1097 629 1147 Τίτον
683 1093 1019 1165 ἀναχθέντες
1072 1093 1180 1146 ὑπὸ
1236 1102 1348 1146 τῶν
1398 1093 1663 1162 φυλάκων
1712 1092 1817 1146 ίκέ-

122 1201 284 1234 τευον
324 1191 510 1252 τυχεῖν
551 1186 835 1252 σωτηρίας.
896 1182 1079 1251 <322>
1119 1181 1148 1234 ὃ
1190 1178 1250 1234 δὲ
1289 1184 1388 1235 τὸν
1428 1178 1539 1250 μὲν
1560 1189 1654 1250 τῆς
1685 1196 1815 1250 συγ-

120 1273 343 1340 γνώμης
388 1272 584 1341 καιρὸν
630 1271 818 1334 αὐτοῖς
871 1269 1255 1343 παρῳχηκέναι
1303 1271 1509 1340 φήσας,
1560 1275 1814 1340 οἴχεσθαι

121 1355 183 1411 δὲ
224 1357 296 1411 δι’
341 1358 408 1412 ὃν
448 1359 690 1427 εὐλόγως
728 1359 798 1412 ἂν
838 1359 1040 1422 αὐτοὺς
1087 1361 1279 1427 ἔσωζε,
1330 1357 1559 1429 πρέπειν
1600 1356 1662 1412 δὲ
1699 1368 1815 1422 τοῖς

53 1468 94 1498 15
121 1448 327 1515 ἱερεῦσι
375 1455 449 1519 τῷ
497 1455 614 1519 ναςό
666 1447 1109 1517 συναπολέσθαι,
1155 1448 1367 1500 κελεύει
1413 1447 1645 1500 κολάσαι
1683 1450 1813 1510 τοὺς

116 1536 338 1604 ἄνδρας.

228 1622 410 1691 <323>
452 1624 510 1677 οἰ
546 1620 607 1676 δὲ
645 1623 772 1692 περὶ
811 1627 940 1687 τοὺς
978 1625 1288 1695 τυράννους
1326 1625 1400 1687 ὡς
1438 1632 1512 1697 τςό
1550 1644 1608 1677 τε
1646 1625 1808 1678 πολέ-

114 1731 198 1784 μῳ
231 1714 583 1781 πανταχόθεν
616 1712 948 1782 ἐκρατοῦντο
981 1711 1070 1766 καὶ
1111 1712 1661 1783 περιτετειχισμένοις
1693 1715 1811 1766 δια-

112 1809 316 1868 φυγεῖν
372 1800 694 1870 οὐδαμόθεν
748 1798 848 1870 ἧν,
899 1806 1310 1871 προκαλοῦνται
1360 1804 1460 1855 τὸν
1516 1805 1681 1855 Τίτον
1731 1804 1812 1864 εἰς

44 1911 87 1942 20
113 1891 326 1956 λόγους.
405 1889 588 1958 <324>
636 1889 665 1943 ὃ
714 1887 775 1942 δὲ
820 1888 911 1943 καὶ
960 1891 1052 1943 διὰ
1091 1890 1603 1959 τὸῇφιλάνθρωπον
1643 1891 1810 1959 φύσει

111 1979 172 2030 τὸ
221 1985 361 2045 γοῦν
401 1979 538 2031 ἄστυ
577 1988 879 2047 περισῶσαι
926 1980 1394 2048 προαιρούμενος,
1440 1977 1531 2031 καὶ
1570 1987 1681 2031 τῶν
1718 1982 1810 2048 φί-

111 2069 225 2117 λων
266 2065 582 2133 ἐναγόντων
621 2066 750 2136 (ἤδη
791 2068 896 2136 γὰρ
929 2068 1237 2138 μετριάζειν
1269 2069 1401 2129 τοὺς
1440 2068 1642 2138 λῃστὰς
1679 2067 1808 2120 ὑπε-

110 2154 448 2224 λάμβανον),
510 2155 724 2207 ἵσταται
777 2157 915 2208 κατὰ
968 2158 1030 2209 τὸ
1084 2157 1222 2223 πρὸς
1274 2156 1438 2208 δύσιν
1489 2154 1655 2225 μέρος
1707 2164 1808 2208 τοῦ

109 2241 318 2305 ἔξωθεν
353 2244 520 2311 ἱεροῦ.
573 2243 757 2313 <325>
788 2246 959 2315 ταύτῃ
992 2245 1097 2315 γὰρ
1129 2241 1269 2314 ὑπὲρ
1301 2246 1400 2298 τὸν
1431 2243 1632 2308 ξυστὸν
1664 2240 1807 2312 ἦσαν

41 2351 83 2384 25
107 2332 277 2383 πύλαι
316 2329 408 2384 καὶ
448 2330 666 2402 γέφυρα
714 2333 1070 2386 συνάπτουσα
1116 2340 1191 2404 τῷ
1234 2333 1363 2404 ι”ερςό
1411 2333 1514 2400 τὴν
1553 2333 1668 2384 ἄνω
1708 2335 1807 2385 πό-

104 2424 216 2472 λιν·
270 2419 406 2487 αὕτη
453 2422 575 2473 τότε
622 2419 760 2490 μέση
801 2431 913 2474 τῶν
952 2421 1245 2490 τυράννων
1284 2416 1354 2489 ἧν
1393 2420 1485 2473 καὶ
1524 2428 1624 2474 τοῦ
1665 2423 1805 2473 Καί-

103 2521 285 2575 σαρος.
362 2508 544 2576 <326>
595 2509 656 2561 τὸ
714 2506 777 2562 δὲ
829 2514 1046 2578 πλῆθος
1101 2507 1376 2578 ἑκατέροις
1429 2510 1602 2577 βύζην
1656 2508 1804 2578 ἐφει-

102 2598 312 2664 στήκει,
357 2593 622 2651 Ἰουὸαῖοι
670 2595 773 2666 μὲν
819 2607 935 2661 τοῖς
970 2596 1097 2667 περὶ
1136 2601 1371 2667 Σίμωνα
1410 2595 1502 2650 καὶ
1536 2595 1805 2666 Ἰωάννην

101 2683 364 2752 μετέωροι
404 2687 736 2755 συγγνώμης
776 2685 979 2755 ἐλπίδι,
1011 2685 1265 2757 Ῥωμαῖοι
1306 2683 1368 2739 δὲ
1409 2688 1670 2755 Καίσαρι,
1710 2706 1804 2738 κα-

30 2795 75 2827 30
99 2766 470 2843 ραδοκοῦντες
516 2774 700 2827 αὐτῶν
745 2776 847 2843 τὴν
887 2774 1131 2840 ἀξίωσιν.
1207 2774 1394 2843 <327>
1431 2775 1804 2843 παραγγείλας

101 2859 163 2914 δὲ
203 2871 317 2925 τοῖς
356 2864 714 2930 στρατιώταις
761 2866 920 2927 Τίτος
957 2869 1149 2933 θυμοῦ
1188 2883 1245 2916 τε
1277 2862 1368 2916 καὶ
1399 2865 1579 2931 βελῶν
1612 2861 1801 2931 μένειν

1444 2951 1501 2993 8³⁵³
