2032 3128
220 143 325 196 198
827 143 990 185 RATA
1021 140 1304 186 ΑΠΙῼΝΟΣ

197 278 581 346 ἐγνώσθησαν,
634 275 726 329 καὶ
774 275 848 330 δι’
888 276 1116 330 ἐκείνων
1163 277 1488 345 Αἰγύπτιοι,
1542 275 1634 330 καὶ
1689 277 1888 340 πάντες

198 365 289 435 ἀφ’
328 361 405 419 ὧν
443 368 541 419 τὸν
580 368 792 436 φόρτον
831 367 1076 428 εἰς’τοὺς
1113 363 1388 433 ΓΈλληνας
1428 366 1755 434 διεκόμιζον,
1797 386 1887 435 με-

196 455 337 523 γάλα
378 454 587 522 πελάγη
630 455 953 524 διαίροντες.
1029 453 1174 520 <64>
1214 454 1407 522 Μῆδοι
1447 451 1508 506 δὲ
1547 454 1680 522 μετὰ
1718 462 1889 508 ταῦτα

195 541 286 595 καὶ
318 541 533 612 Πέρσαι
564 541 800 612 φανεροὶ
831 540 1168 610 κατέστησαν
1199 549 1296 610 τῆς
1326 540 1511 605 Ἀσίας
1543 541 1889 612 ἐπάρξαντες,

198 635 258 684 οἳ
300 628 362 684 δὲ
408 630 500 684 καὶ
547 630 704 701 μέχρι
743 639 838 700 τῆς
878 629 1065 701 ἑτέρας
1106 632 1339 701 ἠπείρου
1379 630 1594 700 Πέρσαι
1634 633 1890 701 στρατεύ-
1937 650 1958 683 5

199 735 416 783 σαντες·
474 723 684 792 Θρᾷκες
735 717 796 772 δὲ
852 720 944 772 διά
999 722 1297 787 γειτονίαν,
1352 717 1442 771 καὶ
1489 721 1551 772 τὸ
1599 722 1891 773 Σκυθικὸν

197 810 305 862 ὑπὸ
357 818 467 862 τῶν
514 810 593 871 εἰς
641 810 739 862 τὸν
786 810 1012 861 Πόντον
1060 807 1315 876 ἐγνώσθη
1371 809 1671 860 πλεόντων.
1747 806 1891 876 <65>

199 898 340 960 ὅλως
378 899 481 967 γὰρ
516 898 752 959 ἅπαντες
783 898 842 950 οἱ
874 897 1022 965 παρὰ
1053 897 1154 964 τὴν
1185 896 1469 949 θάλατταν
1500 894 1591 948 καὶ
1623 897 1724 965 τὴν
1755 898 1894 966 πρὸς

197 994 315 1048 ταῖς
369 986 661 1048 ἀνατολαῖς
714 983 805 1037 καὶ
859 986 996 1054 πρὸς
1049 985 1151 1053 τὴν
1199 982 1456 1051 ἑσπέριον
1509 992 1894 1048 κατοικοῦντες

197 1083 311 1137 τοῖς
362 1075 707 1142 συγγράφειν
753 1093 806 1125 τι
860 1071 1222 1142 βουλομένοις
1275 1075 1686 1143 γνωριμώτεροι
1739 1072 1893 1127 κατέ-
1919 1095 1961 1127 10

200 1177 423 1231 στησαν,
473 1163 530 1215 οἱ
581 1159 643 1214 δὲ
688 1162 888 1230 ταύτης
935 1159 1191 1231 ἀνωτέρω
1238 1162 1335 1224 τάς
1382 1163 1623 1230 οἰκήσεις
1677 1165 1895 1231 ἔχοντες

200 1250 288 1304 ἐπὶ
341 1255 599 1305 πλεῖστον
648 1251 1024 1319 ἠγνοήθησαν.
1103 1251 1247 1317 (66)
1293 1248 1383 1303 καὶ
1430 1259 1593 1304 τοῦτο
1641 1254 1895 1319 φαίνεται

198 1339 290 1393 καὶ
329 1339 454 1408 περὶ
493 1341 594 1408 τὴν
634 1339 915 1408 Εὐρώπην
956 1341 1319 1408 συμβεβηκός,
1359 1339 1499 1392 ὅπου
1540 1358 1602 1407 γε
1641 1346 1737 1408 τῆς
1770 1338 1897 1393 Ῥω-

200 1431 378 1498 μαίων
424 1431 662 1495 πόλεως,
716 1428 979 1495 τοιαύτην
1031 1426 1089 1480 ἐκ
1143 1433 1357 1496 μακροῦ
1413 1427 1654 1497 δύναμιν
1708 1447 1896 1497 κεκτη-

199 1516 367 1586 μένης
420 1514 512 1569 καὶ
563 1516 817 1578 τοιαύτας
869 1516 1091 1586 πράξεις
1144 1516 1528 1585 κατορθούσης
1580 1517 1895 1586 πολεμικάς,
1921 1535 1964 1569 15

200 1604 327 1658 οὔθ’
367 1604 670 1674 “Ηρόδοτος
717 1605 843 1658 οὔτε
894 1605 1246 1672 Θουκυδίδης
1292 1605 1418 1657 οὔτε
1463 1614 1574 1658 τῶν
1613 1606 1724 1674 ἅμα
1770 1607 1896 1660 τού-

198 1715 314 1758 τοις
352 1692 669 1763 γενομένων
710 1691 843 1746 οὐδὲ
883 1687 960 1756 εἷς
1001 1694 1426 1762 ἐμνημόνευκεν,
1474 1691 1593 1746 ἀλλ’
1625 1693 1732 1759 ὀψέ
1764 1712 1897 1748 ποτε

198 1783 292 1837 καὶ
338 1785 497 1853 μόλις
544 1783 728 1836 αὐτῶν
768 1783 847 1845 εἰς
884 1785 1014 1845 τοὺς
1053 1781 1326 1850 1’Έλληνας
1363 1781 1396 1850 ἡ
1441 1791 1645 1850 γνῶσις
1685 1783 1897 1851 διεξῆλ-

198 1878 317 1925 θεν.
402 1872 548 1941 <67>
601 1869 727 1940 περὶ
782 1868 884 1940 μὲν
939 1871 1043 1939 γὰρ
1093 1873 1358 1924 Γαλατῶν
1413 1890 1470 1924 τε
1524 1869 1618 1924 καὶ
1667 1869 1897 1941 Ἰβήρων

201 1961 375 2024 οὕτως
405 1962 690 2030 ἠγνόησαν
716 1961 774 2013 οἱ
802 1961 1096 2022 δοκοῦντες
1129 1959 1509 2029 ἀκριβέστατοι
1542 1970 1898 2032 συγγραφεῖς,
1923 1981 1965 2013 20

201 2045 281 2102 ὧν
321 2049 469 2102 ἐστιν
504 2047 772 2119 ’Ἐφορος,
817 2049 955 2102 ὥστε
994 2051 1159 2102 πόλιν
1200 2054 1372 2102 οἴεται
1412 2052 1543 2118 μίαν
1583 2045 1729 2102 εἶναι
1767 2052 1899 2113 τοὺς

205 2136 426 2208 Ἴβηρας
472 2139 601 2199 τοὺς
647 2144 879 2191 τοσοῦτο
920 2135 1085 2206 μέρος
1122 2144 1218 2205 τῆς
1265 2135 1524 2207 ἑσπερίου
1571 2145 1673 2207 γῆς
1717 2157 1899 2193 κατοι-

200 2234 462 2289 κοῦντας·
509 2224 600 2278 καὶ
639 2227 706 2278 τὰ
745 2227 878 2295 μήτε
918 2228 1190 2296 γενόμενα
1228 2224 1355 2297 παρ’
1391 2226 1580 2290 αὐτοῖς
1618 2229 1722 2296 ἔθη
1766 2229 1898 2297 μήτε

201 2317 472 2384 λεγόμενα
511 2314 766 2384 γράφειν,
806 2316 881 2378 ὡς
913 2314 1141 2369 ἐκείνων
1173 2314 1360 2378 αὐτοῖς
1389 2314 1707 2385 χρωμένων,
1750 2316 1899 2370 ἐτόλ-

202 2417 400 2472 μησαν.
476 2402 621 2473 <68>
667 2409 845 2457 αἴτιον
886 2401 947 2456 δὲ
993 2411 1093 2457 τοῦ
1141 2400 1242 2472 μὲν
1282 2405 1355 2473 μὴ
1403 2406 1699 2472 γινώσκειν
1737 2405 1899 2475 τάληέ
1924 2423 1966 2455 25

201 2489 301 2555 θὲς
347 2494 408 2546 τὸ
456 2494 582 2545 λίαν
630 2491 1006 2561 ἀνεπίμικτον,
1060 2499 1160 2546 τοῦ
1211 2490 1274 2545 δὲ
1327 2493 1565 2563 γράφειν
1610 2495 1789 2563 ψευδῆ
1836 2497 1898 2549 τὸ

202 2580 510 2649 βούλεσθαι
550 2582 737 2634 δοκεῖν
777 2601 827 2634 τι
871 2580 1042 2634 πλέον
1080 2589 1192 2634 τῶν
1231 2582 1417 2635 ἄλλων
1457 2582 1715 2651 ἱστορεῖν.
1785 2593 1900 2647 πῶς

204 2664 308 2722 οὗν
341 2671 419 2722 ἔτι
449 2669 756 2738 θαυμάζειν
787 2677 1066 2739 προσῆκεν
1091 2672 1144 2722 εἰ
1173 2667 1311 2739 μηδὲ
1341 2671 1403 2723 τὸ
1436 2669 1702 2742 ἡμέτερον
1734 2673 1901 2736 ἔθνος

202 2762 430 2821 πολλοῖς
478 2758 865 2827 ἐγιγνώσκετο,
917 2755 1056 2827 μηδὲ
1103 2765 1197 2826 τῆς
1245 2757 1305 2811 ἐν
1349 2768 1464 2822 τοῖς
1511 2761 1899 2831 συγγράμμασι

204 2848 419 2915 μνήμης
455 2845 717 2917 ἀφορμὴν
748 2844 1038 2916 παρέσχεν,
1081 2846 1224 2900 οὕτω
1257 2843 1359 2916 μὲν
1390 2847 1775 2922 ἀπφκισμένον
1805 2858 1902 2920 τῆς
1923 2865 1967 2897 30

203 2934 504 3005 θαλάττης,
545 2935 690 2989 οὕτω
731 2931 791 2988 δὲ
832 2935 1106 3004 βιοτεύειν
1145 2934 1558 3007 προῃρημένον;
1606 2939 1624 3007 Ι
