2032 3128
750 89 958 130 ΛΟΓΟΣ
989 89 1189 131 ΕΚΤΟΣ
1741 87 1812 139 83

134 223 530 294 συντρίψαντες
560 219 884 275 ἀπέκτειναν
915 231 1028 284 τοῖς
1060 224 1269 289 λίθοις,
1305 222 1364 274 οἰ
1390 219 1440 274 δ’
1478 221 1617 275 ὀκτὼ
1650 242 1813 292 τραυ-

131 312 317 377 ματιάι
378 307 773 379 κατασυρέντες
834 309 1283 379 ἀνεκομίσθησαν
1337 311 1415 372 εἰς
1471 312 1532 363 τὸ
1588 313 1813 381 στρατό-

128 398 314 449 πεδον.

239 485 384 553 <68>
424 493 592 538 ταῦτα
638 483 738 555 μὲν
786 482 889 539 οὖν
939 489 1092 557 τρίτῃ
1131 484 1399 555 Πανέμου
1438 489 1611 555 μηνὸς
1650 485 1812 558 ἐπρά-

81 595 102 628 5
126 578 259 642 χθη·
300 574 432 642 μετὰ
474 572 522 626 δ’
560 572 764 642 ἡμέρας
796 576 896 627 δύο
929 583 1038 627 τῶν
1070 575 1517 649 προκοιτούντων
1549 572 1693 637 τινες
1724 573 1811 628 ἐπὶ
1845 589 1870 628 7

124 671 239 724 τοῖς
278 662 491 730 χώμασι
530 663 796 732 φυλάκων
829 668 1000 716 εἴκοσι
1034 666 1401 726 συνελθόντες
1431 668 1812 732 προσκαλοῦν-

121 769 210 802 ται
257 747 359 819 μὲν
406 752 504 803 τὸν
551 758 648 803 τοῦ
694 749 941 820 πέμπτου
987 751 1258 819 τάγματος
1298 752 1679 820 σημαιοφόρον
1718 750 1811 804 καὶ

122 839 225 891 δύο
272 840 426 901 τινὰς
481 847 593 891 τῶν
642 837 702 892 ἐν
758 849 877 902 ταῖς
924 843 1066 902 ἴλαις
1116 837 1324 892 ἱππέων
1370 837 1461 891 καὶ
1508 839 1810 907 σαλπικτὴν

121 925 248 994 ἕνα,
303 927 439 979 κατὰ
494 925 542 979 δ’
590 927 742 997 ὥραν
795 935 890 997 τῆς
942 929 1142 989 νυκτὸς
1194 926 1393 995 ἐνάτην
1443 929 1810 997 προβαίνουσι

51 1038 94 1070 10
118 1012 220 1084 μὲν
259 1015 434 1085 ἡσυχῇ
476 1016 568 1068 διὰ
607 1025 718 1069 τῶν
759 1015 1015 1086 ἐρειπίων
1056 1015 1143 1069 ἐπὶ
1185 1017 1286 1085 τὴν
1317 1014 1638 1082 Ἀντωνίαν,
1679 1014 1809 1068 ἀπο-

117 1103 423 1172 σφάξαντες
471 1101 532 1157 δὲ
578 1107 707 1167 τοὺς
752 1106 1003 1175 πρώτους
1056 1114 1167 1158 τῶν
1220 1113 1486 1174 φρουρῶν
1541 1102 1809 1173 κοιμωμέ-

114 1212 249 1255 νους
286 1201 550 1263 κρατοῦσι
588 1201 689 1247 τοῦ
728 1196 940 1263 τείχους
979 1191 1070 1246 καὶ
1101 1200 1176 1266 τῷ
1212 1197 1478 1262 σαλπικτῇ
1516 1194 1808 1261 σημαίνειν

115 1279 424 1335 ἐκέλευσαν.
502 1283 660 1351 <69>
713 1284 850 1352 πρὸς
905 1282 933 1335 ὃ
984 1290 1095 1334 τῶν
1150 1279 1251 1351 μὲν
1304 1283 1488 1334 ἄλλων
1543 1281 1808 1350 φυλάκων

114 1369 469 1434 ἐξανάστασίς
513 1367 557 1422 τ’
607 1371 885 1440 αἰφνίδιος
930 1366 1001 1439 ’ἧν
1041 1369 1134 1423 καὶ
1175 1372 1358 1439 φυγή,
1404 1372 1537 1440 πρίν
1580 1388 1704 1422 τινα
1744 1370 1806 1421 τὸ

46 1481 88 1513 15
112 1463 329 1528 πλῆθος
379 1458 588 1512 ἐπιδεῖν
640 1469 750 1512 τῶν
803 1459 1231 1529 ἐπιβεβηκότων·
1296 1458 1325 1511 ὅ
1371 1478 1428 1511 τε
1477 1459 1582 1528 γὰρ
1631 1460 1808 1527 φόβος

110 1545 200 1600 καὶ
248 1546 281 1614 ἡ
332 1547 561 1616 σάλπιγξ
610 1552 919 1617 φαντασίαν
967 1548 1155 1611 αὐτοῖς
1199 1555 1300 1602 τοῦ
1346 1551 1563 1615 πλῆθος
1609 1545 1806 1615 ἀναβε-

109 1634 338 1705 βηκέναι
385 1639 666 1705 πολεμίων
712 1645 950 1706 παρεῖχε.
1027 1636 1172 1705 <70>
1213 1639 1428 1706 Καῖσαρ
1470 1632 1530 1688 δὲ
1569 1643 1669 1688 τοῦ
1709 1648 1805 1703 ση-

110 1726 270 1792 μείου
317 1726 660 1788 κατακούσας
706 1725 971 1790 ἐξοπλίζει
1022 1728 1125 1794 τήν
1175 1745 1231 1778 τε
1282 1725 1523 1793 δύναμιν
1576 1724 1667 1776 διὰ
1714 1723 1806 1776 τά-

104 1832 238 1882 χους
276 1811 368 1866 καὶ
407 1815 543 1882 μετὰ
581 1823 693 1867 τῶν
731 1814 1022 1883 ἡγεμόνων
1061 1823 1276 1884 πρῶτος
1316 1812 1632 1881 ἀναβαίνει,
1674 1814 1807 1873 τοὺς

5 1925 79 1978 ᾗεο
105 1899 419 1965 ἐπιλέκτους
464 1904 621 1972 ἔχων.
699 1904 842 1972 <71>
889 1905 1357 1971 καταφευγόντων
1404 1899 1465 1954 δὲ
1512 1910 1623 1954 τῶν
1663 1899 1804 1953 Ἰου-

103 1992 280 2044 δαίων
320 1993 401 2055 εἰς
437 1993 499 2045 τὸ
542 1993 713 2060 ἱερόν,
753 1990 845 2045 καὶ
884 1990 1043 2045 αὐτοὶ
1085 1992 1178 2044 διὰ
1217 1998 1312 2060 τῆς
1352 1991 1623 2061 διώρυχος
1663 1987 1801 2042 εἰσέ-

99 2097 320 2149 πιπτον,
370 2080 440 2148 ἣν
481 2080 510 2134 ὁ
543 2078 806 2150 Ἰωάννης
847 2079 932 2134 ἐπὶ
973 2081 1037 2133 τὰ
1091 2081 1313 2150 χώματα
1366 2089 1477 2132 τῶν
1521 2076 1802 2147 Ῥωμαίων

97 2167 367 2239 ὑπώρυξε.
445 2169 588 2237 <72>
637 2167 728 2222 καὶ
778 2169 1172 2232 διαναστάντες
1222 2166 1311 2221 ἀπ’
1367 2166 1695 2238 ἀμφοτέρων
1745 2167 1805 2219 οὗ

98 2256 419 2310 στασιασταὶ
465 2266 577 2311 τῶν
626 2258 946 2327 ταγμάτων,
996 2265 1097 2311 τοῦ
1145 2277 1201 2310 τε
1242 2256 1510 2310 Ἰωάννου
1559 2254 1652 2309 καὶ
1700 2263 1801 2308 τοῦ

15 2367 75 2401 ’25
103 2349 388 2415 Σίμωνος,
443 2342 633 2417 εἶργον
682 2347 910 2415 αὐτούς,
961 2347 1227 2416 οὐδεμίαν
1275 2343 1390 2399 οὔτ’
1440 2346 1628 2416 ἰσχύος
1675 2345 1801 2397 οὔτε

102 2437 422 2504 προθυμίας
477 2435 822 2498 ἐλλείποντες
875 2434 1203 2505 ὑπερβολήν.
1281 2435 1429 2504 <73>
1475 2433 1645 2505 πέρας
1695 2433 1799 2501 γὰρ

102 2521 360 2587 ἁλώσεως
405 2524 797 2594 ὑπελάμβανον
843 2526 904 2577 τὸ
949 2527 1236 2593 Ρωμαίους
1277 2527 1581 2593 παρελθεῖν
1621 2523 1699 2585 εἰς
1737 2523 1799 2575 τὸ

99 2612 288 2680 ἅγιον,
337 2611 365 2665 ὃ
408 2614 476 2682 δὴ
524 2612 771 2667 κάκεῖνοι
811 2621 911 2666 τοῦ
949 2623 1172 2684 κρατεῖν
1212 2612 1403 2682 ἀρχήν.
1481 2611 1629 2680 <74>
1669 2624 1800 2678 συρ-

99 2703 367 2769 ρήγνυται
422 2699 483 2754 δε
537 2701 664 2772 περὶ
718 2703 814 2764 τὰς
869 2703 1125 2765 εἰσόδους
1170 2702 1313 2772 μάχη
1361 2699 1627 2771 καρτερά,
1687 2707 1799 2751 τῶν

0 2809 70 2844 ³0
97 2809 200 2858 μεν
237 2788 648 2860 καταλαβέσθαι
686 2789 779 2844 καὶ
811 2792 871 2844 τὸ
907 2792 1058 2860 ιερὸν
1098 2788 1550 2860 εἰσβιαζομένων,
1589 2796 1703 2841 τῶν
1737 2783 1799 2844 δὲ

0 2848 15 2966 ἒ·
83 2863 378 2932 Ἰουδαίων
402 2877 770 2944 ἐξωθούντων
803 2879 1006 2942 αὐτοὺς
1031 2877 1120 2932 ἐπὶ
1147 2879 1249 2947 τὴν
1284 2876 1602 2931 Ἀντωνίαν.
1653 2874 1802 2946 <75>
