2032 3128
181 84 289 135 274
783 86 941 126 ΚΑΤΑ
971 84 1250 126 ΑΠΙΩΝΟΣ

181 219 313 286 μετὰ
373 227 484 270 τῶν
540 217 840 285 συνιερέων
896 219 1059 270 θύσει
1113 225 1188 288 τῷ
1243 222 1383 288 θεῷ,
1446 216 1675 286 φυλάξει
1735 219 1863 279 τοὺς
1922 227 1925 231 ’

180 310 412 374 νόμους,
461 306 672 358 δικάσει
718 304 843 374 περὶ
889 315 999 358 τῶν
1043 304 1592 374 ἀμφισβητουμένων,
1640 305 1861 358 κολάσει

179 396 309 456 τοὺς
357 392 716 463 ἐλεγχθέντας
765 391 846 446 ἐπ’
888 393 1076 466 ἀδίκῳ.
1152 393 1181 446 6
1222 392 1287 445 δέ
1321 412 1381 460 γε
1421 394 1596 464 τούτῳ
1637 394 1708 460 μὴ
1748 411 1861 445 πει-

100 468 419 551 ““”’””θόμενος
456 481 645 550 ὑφέξει
686 483 846 550 δίκην
885 482 958 544 ὡς
996 483 1074 544 εἰς
1111 483 1209 534 τὸν
1247 483 1385 534 θεὸν
1425 481 1596 534 αὐτὸν
1633 480 1861 549 ἀσεβῶν“

85 1912 141 1950 24

178 570 359 638 <195>
405 570 622 637 θύομεν
668 570 762 631 τὰς
808 573 1010 632 θυσίας
1057 569 1158 623 οὐκ
1205 570 1281 631 εἰς
1325 572 1610 638 πλήρωσιν
1650 566 1860 621 ἑαυτῶν
1909 591 1928 622 5

177 657 268 711 καὶ
308 658 487 726 μέθην
528 654 829 727 (ἀβούλητα
869 658 972 726 γὰρ
1013 665 1087 728 τῷ
1125 662 1240 728 θεῷ
1280 657 1428 724 τάδε,
1466 655 1557 709 καὶ
1587 659 1862 726 πρόφασις

178 746 247 798 ἄν
271 746 484 816 ὕβρεως
508 744 723 813 γένοιτο
754 744 844 798 καὶ
869 745 1265 815 πολυτελείας),
1298 745 1435 798 ἀλλὰ
1461 747 1751 815 σώφρονας
1774 745 1862 798 εὐ-

176 834 405 896 τάκτους
430 834 720 896 εὐσταλεῖς.
761 834 908 896 ὅπως
941 831 1002 886 δὲ
1034 835 1267 903 μάλιστα
1295 835 1531 896 θύοντες
1563 843 1860 903 σωφρονῶ-

177 942 296 991 μεν,
334 923 514 990 <196>
545 921 649 974 κάν
679 933 796 984 ταῖς
827 926 1054 985 θυσίαις
1085 921 1224 990 ὑπὲρ
1255 931 1349 990 τῆς
1380 930 1567 990 κοινῆς
1599 922 1862 991 εὔχεσθαι

177 1012 266 1063 δεῖ
298 1021 517 1080 πρῶτον
558 1014 845 1079 σωτηρίας,
889 1007 996 1064 εἶθ’
1026 1008 1164 1081 ὑπὲρ
1206 1010 1435 1064 ἑαυτῶν·
1477 1009 1564 1064 ἐπὶ
1604 1011 1708 1079 γὰρ
1748 1030 1859 1063 κοι-
1887 1032 1930 1063 10

176 1103 351 1169 νωνίᾳ
402 1101 734 1167 γεγόναμεν,
787 1098 877 1151 καὶ
924 1101 1130 1168 ταύτην
1178 1099 1207 1153 6
1255 1108 1536 1169 προτιμῶν
1583 1107 1682 1152 τοῦ
1726 1097 1852 1152 καθ’

176 1186 374 1240 ἑαυτὸν
413 1190 539 1254 βίου
580 1185 793 1256 μάλιστ’
828 1187 898 1240 ἂν
937 1193 1020 1256 εἴη
1057 1193 1172 1259 θεῷ
1212 1187 1615 1258 κεχαρισμένος.
1680 1188 1861 1255 <197>

174 1276 513 1346 παράκλησις
550 1272 610 1327 δὲ
640 1276 777 1344 πρὸς
814 1278 910 1328 τὸν
949 1278 1088 1330 θεὸν
1128 1279 1264 1329 ἔστω
1306 1277 1398 1329 διὰ
1436 1284 1531 1344 τῆς
1572 1277 1735 1346 εὐχῆς
1772 1274 1863 1328 καὶ

176 1364 361 1432 δέησις
393 1363 492 1433 οὐχ
527 1365 675 1426 ὅπως
707 1364 842 1435 διδῷ
875 1363 1094 1432 τάγαθά
1129 1363 1359 1436 (δέδωκε
1391 1365 1496 1434 γὰρ
1529 1365 1695 1427 αὐτὸς
1723 1363 1863 1417 ἑκὼν

173 1450 263 1504 καὶ
301 1459 470 1504 πᾶσιν
519 1454 594 1515 εἰς
641 1451 811 1520 μέσον
855 1451 1214 1525 κατέθηκεν),
1260 1451 1378 1506 ἀλλ’
1415 1453 1561 1515 ὅπως
1601 1452 1862 1523 δέχεσθαι
1888 1472 1931 1504 15

174 1541 474 1608 δυνώμεθα
522 1539 613 1593 καὶ
659 1543 922 1609 λαβόντες
969 1543 1346 1611 φυλάττωμεν.
1423 1541 1606 1610 <198>
1645 1541 1865 1610 ἁγνείας

174 1628 261 1682 ἐπὶ
299 1638 420 1692 ταῖς
464 1634 691 1692 θυσίαις
738 1631 1012 1698 διείρηκεν
1055 1631 1083 1684 6
1123 1633 1292 1698 νόμος
1332 1630 1437 1683 ἀπὸ
1478 1631 1708 1698 κη’δους,
1757 1629 1863 1683 ἀπὸ

174 1723 391 1786 λεχοῦς,
432 1717 537 1771 ἀπὸ
577 1722 871 1780 κοινωνίας
909 1726 1004 1786 τῆς
1041 1720 1178 1789 πρὸς
1215 1727 1475 1786 γυναῖκα,
1516 1717 1606 1771 καὶ
1641 1722 1863 1771 πολλῶν

172 1809 373 1875 ἄλλων,
413 1806 446 1859 ἃ
487 1808 700 1876 μακρὸν
739 1806 810 1859 ἂν
850 1812 931 1876 εἴη
972 1816 1079 1860 νῦν
1118 1808 1368 1877 γράφειν.

285 1903 534 1958 τοιοῦτος
579 1892 680 1964 μὲν
729 1895 758 1948 6
805 1894 930 1965 περὶ
977 1901 1118 1949 θεοῦ
1164 1895 1255 1949 καὶ
1300 1903 1396 1964 τῆς
1443 1895 1657 1949 ἐκείνου
1696 1900 1863 1965 θερα-
1889 1915 1933 1947 20

170 1986 325 2046 πειάς
372 1986 534 2051 λόγος
579 1984 711 2052 ἡμῖν
760 1983 937 2053 ἐστιν,
992 1984 1021 2038 6
1071 1982 1121 2037 δ’
1158 1985 1321 2047 αὐτὸς
1371 1985 1481 2053 ἅμα
1530 1982 1621 2036 καὶ
1667 1986 1860 2052 νόμος“

171 2072 353 2139 <199>
400 2074 544 2134 τίνες
591 2070 642 2124 δ’
672 2073 730 2125 οἰ
771 2071 896 2142 περὶ
943 2074 1162 2141 γάμων;
1220 2072 1368 2142 μῖξιν
1415 2076 1594 2142 μόνην
1639 2069 1792 2126 οἶδεν
1832 2073 1861 2125 ὁ

171 2163 340 2228 νόμος
370 2161 471 2228 τὴν
504 2162 638 2213 κατὰ
670 2162 841 2230 φύσιν
873 2163 974 2229 τὴν
1007 2163 1145 2231 πρὸς
1177 2171 1428 2229 γυναῖκα,
1459 2160 1549 2214 καὶ
1581 2163 1786 2231 ταύτην
1815 2163 1866 2214 εἰ

171 2249 360 2317 μέλλοι
399 2248 607 2302 τέκνων
647 2249 804 2302 ἕνεκα
848 2254 1167 2317 γίγνεσθαι·
1215 2251 1314 2319 τὴν
1355 2248 1415 2303 δὲ
1454 2251 1591 2319 πρὸς
1630 2251 1863 2321 ἄρρενας

171 2337 421 2405 ἀρρένων
454 2337 733 2406 ε’στύγηκε,
775 2337 865 2391 καὶ
898 2339 1142 2401 θάνατος
1171 2339 1517 2408 τούπιτίμιον
1549 2344 1606 2391 εἴ
1636 2359 1718 2401 τις
1749 2338 1862 2391 ε’πι-
1887 2356 1930 2388 25

169 2429 490 2496 χειρήσειεν.
559 2426 741 2494 <2ΟΟ>
775 2438 968 2495 γαμεῖν
1004 2425 1064 2480 δὲ
1095 2429 1306 2480 κελεύει
1337 2429 1411 2497 μὴ
1446 2426 1635 2495 προικὶ
1666 2427 1861 2494 προσέ-

169 2535 384 2584 χοντας,
417 2512 555 2584 μηδὲ
587 2518 793 2583 βιαίαις
825 2515 1116 2585 ἁρπαγαῖς,
1147 2514 1273 2584 μηδ’
1299 2512 1370 2569 αὖ
1399 2517 1545 2588 δόλῳ
1570 2514 1661 2568 καὶ
1685 2514 1861 2584 ἀπάτῃ

169 2607 482 2671 πείσαντας,
514 2603 653 2656 ἀλλὰ
681 2606 1008 2672 μνηστεύειν
1032 2606 1179 2670 παρὰ
1203 2613 1303 2658 τοῦ
1329 2606 1526 2658 δοῦναι
1551 2607 1749 2672 κυρίου
1772 2604 1861 2656 καὶ

167 2693 303 2745 κατὰ
329 2692 657 2760 συγγένειαν
683 2693 783 2760 τὴν
809 2692 1136 2762 ἐπιτήδειον.
1192 2693 1373 2762 <201>
1398 2693 1539 2761 γυνὴ
1567 2689 1627 2745 δὲ
1654 2702 1861 2761 χεῖρον,

168 2785 357 2849 φησίν,
397 2781 602 2850 ἀνδρὸς
640 2783 717 2844 εἰς
757 2782 983 2834 ἅπαντα.
1059 2790 1357 2850 τοιγαροῦν
1400 2780 1743 2849 ὑπακουέτω,
1786 2782 1857 2849 μὴ
1884 2798 1928 2830 30

165 2871 304 2939 πρὸς
335 2869 519 2939 ὕβριν,
552 2868 669 2922 ἀλλ’
695 2868 767 2922 ἵν’
792 2871 1044 2940 ἄρχηται·
1077 2872 1210 2933 θεὸς
1242 2872 1346 2940 γὰρ
1376 2869 1539 2939 ἀνδρὶ
1569 2870 1630 2922 τὸ
1663 2871 1862 2940 κράτος
