2032 3128
220 96 288 147 10
629 97 753 139 ΤΟΤ
783 96 1124 139 ῙΟΤΔΑΙΚΟΤ
1155 97 1462 140 ΠΟΛΕΜΟΥ

215 249 385 298 μενον
421 232 596 298 ὅρος,
653 228 682 282 ὃ
728 236 797 298 τῇ
852 232 1008 283 πόλει
1061 231 1198 299 πρὸς
1251 229 1524 300 ἀνατολὴν
1579 230 1893 298 ἀντίκειται,

215 317 350 388 μέσῃ
398 318 642 388 φάραγγι
680 320 883 389 βαθείᾳ
923 319 1337 387 διειργόμενον,
1390 319 1424 387 ἣ
1477 321 1710 390 Κεδρὼν
1757 320 1893 372 ὠνό-

215 421 427 474 μασται.

328 494 472 563 <71>
516 502 627 546 τῶν
676 491 725 545 δ’
772 492 878 546 ἀνά
926 495 988 547 τὸ
1036 495 1172 547 ἄστυ
1225 493 1692 564 συρρηγνυμένων
1740 495 1893 548 ἀδια-

214 585 443 645 λείπτως
479 584 600 635 τότε
640 591 860 651 πρῶτον
900 581 1172 635 ἀνέπαυσε
1212 583 1313 651 τὴν
1352 580 1434 635 ἐπ’
1481 582 1737 652 ἀλλήλοις
1775 586 1893 652 ἔριν
1939 606 1961 639 5

213 672 242 725 ὁ
283 671 490 736 ἔξωθεν
529 673 764 739 πόλεμος
803 670 1065 739 ἐξαίφνης
1102 673 1274 734 πολὺς
1313 670 1583 740 ἐπελθών,
1630 672 1773 740 <72>
1803 671 1892 725 καὶ

212 755 326 828 μετ’
364 759 664 828 ἐκπλήξεως
705 760 763 811 οἱ
797 757 1114 812 στασιασταὶ
1153 762 1283 822 τοὺς
1315 757 1610 828 Ῥωμαίους
1640 758 1895 828 ἀφορῶν-

212 868 299 912 τες
353 846 960 917 στρατοπεδευομένους
1012 854 1167 918 τριχῇ
1221 855 1389 916 κακῆς
1450 848 1708 917 ὁμονοίας
1768 869 1894 903 κατ-

211 939 468 1007 ήρχοντο,
506 934 597 989 καὶ
637 939 806 1004 λόγον
847 935 1104 1004 ἀλλήλοις
1144 936 1434 1006 ἐδίδοσαν,
1496 937 1639 1005 <73>
1677 940 1735 990 τί
1769 936 1895 1006 μέλ-

212 1031 364 1080 λοιεν
413 1026 446 1094 ἢ
496 1029 554 1079 τί
598 1027 872 1087 παθόντες
921 1024 1205 1094 ἀνέχοιντο
1255 1029 1379 1095 τρία
1429 1034 1545 1088 ταῖς
1591 1025 1895 1089 ἀναπνοαῖς
1918 1048 1962 1081 10

212 1115 395 1168 αὐτῶν
459 1114 895 1184 ἐπιφραττόμενα
949 1116 1120 1183 τείχη·
1182 1111 1272 1166 καὶ
1326 1122 1426 1167 τοῦ
1479 1113 1720 1183 πολέμου
1775 1113 1887 1184 μετ’

211 1203 395 1266 ἀδείας
433 1202 874 1266 ἀντιπολίζοντος
913 1199 1141 1269 ἑαυτόν,
1181 1205 1239 1255 οἳ
1275 1200 1323 1254 δ’
1363 1202 1543 1270 ὥσπερ
1575 1201 1770 1256 θεαταὶ
1801 1223 1895 1256 κα-

210 1295 323 1344 λῶν
377 1289 468 1344 καὶ
524 1293 827 1360 συμφόρων
878 1292 1055 1360 ἔργων
1107 1288 1428 1354 καθέζοιντο
1475 1292 1764 1360 τειχήρεις,
1820 1293 1894 1344 τὼ

209 1388 354 1449 χεῖρε
393 1378 486 1433 καὶ
523 1381 618 1443 τὰς
657 1382 963 1442 πανοπλίας
999 1377 1283 1448 παρέντες;
1331 1379 1473 1446 <74>
1517 1378 1671 1432 ‘wast’
1711 1379 1895 1433 αὑτῶν

209 1469 315 1537 ἄρα
355 1477 601 1536 γενναῖοι
633 1470 807 1536 μόνον
846 1466 1026 1537 ἡμεῖς’
1069 1467 1389 1536 ἐξεβόησαν,
1431 1466 1707 1535 “Ρωμαῖοι
1747 1463 1797 1520 δ’
1836 1466 1896 1521 ἐκ
1920 1490 1962 1523 15

208 1564 303 1625 τῆς
349 1555 611 1627 ἡμετέρας
659 1557 899 1619 στάσεως
944 1557 1312 1625 κερδήσουσιν
1351 1554 1619 1625 ἀναιμωτὶ
1657 1556 1758 1625 τὴν
1796 1558 1894 1610 πό-

209 1646 333 1699 λιν.’
372 1646 588 1708 τούτοις
626 1645 979 1716 ἀθροίζοντες
1010 1644 1283 1714 ἀλλήλους
1313 1648 1708 1715 παρεκρότουν,
1750 1644 1894 1713 <75>

208 1733 299 1787 καὶ
345 1735 440 1797 τὰς
484 1738 793 1797 πανοπλίας
841 1733 1181 1800 ἁρπάσαντες
1228 1736 1521 1804 αἰφνιδίως
1567 1731 1895 1787 ἐπεκθέουσι

206 1830 280 1892 τῷ
339 1824 547 1896 δεκάτῳ
601 1823 861 1891 τάγματι,
914 1820 1006 1875 καὶ
1057 1823 1148 1875 διὰ
1198 1830 1293 1892 τῆς
1339 1823 1624 1893 φάραγγος
1669 1821 1895 1894 ᾄξαντες

207 1913 339 1980 μετὰ
377 1919 620 1982 κραυγῆς
652 1911 896 1976 ἐξαισίου
927 1910 1314 1981 τειχιζομένοις
1343 1915 1748 1982 προσπίπτουσι
1779 1919 1895 1972 τοῖς
1919 1934 1962 1966 20

199 1998 497 2069 Ῥωμαίοις.
575 2001 720 2069 <76>
760 2004 815 2054 οἵ
854 1997 914 2053 δὲ
952 2002 1090 2071 πρὸς
1127 1996 1368 2069 τοῦργον
1408 1998 1756 2072 διῃρημένοι,
1802 1997 1895 2052 καὶ

207 2090 300 2141 διὰ
339 2098 502 2143 τοῦτο
541 2091 607 2143 τὰ
646 2091 824 2143 πολλὰ
862 2091 1171 2153 τεθεικότες
1210 2098 1322 2142 τῶν
1361 2089 1549 2142 ὅπλων
1597 2086 1749 2160 (οὔτε
1789 2089 1894 2158 γὰρ

203 2180 511 2248 θαρρήσειν
556 2181 686 2241 τοὺς
725 2176 1034 2242 Ἰουδαίους
1078 2180 1216 2248 πρὸς
1266 2177 1542 2247 ἐκδρομὴν
1581 2177 1895 2246 ὑπελάμβα-

206 2286 327 2335 νον,
365 2265 456 2320 καὶ
487 2266 974 2336 προθυμουμένων
1004 2270 1559 2337 περισπασθήσεσθαι
1598 2267 1693 2328 τὰς
1725 2265 1896 2334 ὁρμὰς

204 2362 268 2425 τῇ
309 2353 543 2427 στάσει),
593 2356 739 2425 <77>
781 2357 1274 2426 συνεταράχθησαν
1313 2355 1614 2423 ἀδοκήτως,
1653 2352 1744 2407 καὶ
1782 2363 1894 2407 τῶν
1919 2374 1960 2409 25

204 2445 385 2512 ἔργων
424 2442 691 2513 ἀφέμενοι
730 2441 875 2507 τινὲς
913 2442 1015 2513 μὲν
1054 2445 1372 2515 ἀνεχώρουν
1413 2439 1645 2511 εὐθέως,
1697 2440 1894 2496 πολλοὶ

205 2529 258 2584 δ’
298 2529 387 2584 ἐπὶ
418 2533 484 2585 τὰ
517 2533 657 2586 ὅπλα
694 2531 942 2601 θέοντες,
979 2531 1113 2603 πρὶν
1155 2532 1557 2602 ἐπιστραφῆναι
1595 2533 1734 2602 πρὸς
1764 2533 1895 2593 τοὺς

203 2618 468 2690 ἐχθρούς,
520 2620 835 2690 ἐφθάνοντο
883 2624 1189 2691 παιόμενοι.
1267 2621 1413 2689 <78>
1458 2624 1893 2691 προσεγίγνοντο

204 2706 265 2761 δὲ
315 2719 430 2772 τοῖς
474 2706 764 2773 Ἰουδαίοις
811 2708 895 2762 ἀεὶ
941 2713 1190 2779 πλείους,
1242 2708 1330 2763 ἐπὶ
1376 2716 1450 2781 τῷ
1497 2718 1718 2779 κρατεῖν
1765 2711 1895 2772 τοὺς

201 2799 454 2867 πρώτους
490 2801 910 2870 τεθαρρηκότες,
953 2797 1043 2852 καὶ
1082 2808 1194 2852 τῶν
1234 2800 1412 2852 ὄντων
1450 2801 1894 2861 πολλαπλασίους
1917 2820 1962 2852 30

203 2885 439 2940 ἐδόκουν
487 2891 645 2956 σφίσι
690 2907 746 2941 τε
793 2886 884 2940 καὶ
921 2875 1045 2950 ’τοῖς
1090 2890 1393 2956 πολεμίοις,
1447 2886 1600 2959 δεξιᾷ
1644 2894 1708 2956 τῇ
1757 2887 1892 2957 τύχῃ
