2032 3128
209 108 315 161 218
816 110 975 151 ΚΑΤΑ
1004 108 1284 151 ΑΠΙῼΝΟΣ
1977 0 2006 147 3

211 242 271 297 δὲ
324 243 591 297 τεθνάναι
642 243 840 306 πάντες
893 243 1264 312 ὁμολογοῦσιν
1315 240 1402 296 ε’πὶ
1455 249 1549 310 τῆς
1600 241 1890 311 ἑκατοστῆς

209 332 784 401 τετταρεσκαιδεκάτης
839 331 1192 400 ὀλυμπιάδος.
1276 332 1449 400 δῆλον
1504 327 1608 384 οὖν
1663 331 1746 384 ὅτι
1798 329 1890 384 καὶ

208 418 330 472 κατ’
368 419 583 473 ἐκεῖνον
628 418 718 473 καὶ
770 417 891 473 κατ’
937 417 1300 488 Ἀλέξανδρον
1346 422 1581 488 ἤκμαζεν
1627 419 1783 488 ἡμῶν
1828 421 1890 473 τὸ

209 511 388 571 ἔθνος.
466 510 647 577 <186>
692 507 839 576 λέγει
885 513 1078 562 τοίνυν
1126 508 1154 562 6
1197 506 1480 571 Ἑκαταῖος
1531 509 1698 560 πάλιν
1745 507 1892 576 τάδε,

209 598 294 650 ὅτι
347 598 480 666 μετὰ
526 598 626 666 τὴν
673 596 734 650 ἐν
780 599 834 649 Γ
829 597 925 666 άζῃ
981 596 1160 666 μάχην
1207 596 1236 650 6
1282 600 1627 665 Πτολεμαῖος
1676 595 1893 664 ἐγένετο
1940 619 1994 658 5,

208 695 319 738 τῶν
371 685 496 755 περὶ
543 688 760 754 Συρίαν
813 687 998 738 τόπων
1049 685 1335 754 ἐγκρατής,
1390 683 1481 738 καὶ
1534 683 1730 738 πολλοὶ
1782 693 1895 737 τῶν

210 774 529 844 ἀνθρώπων
558 777 978 843 πυνθανόμενοι
1009 774 1110 842 τὴν
1142 774 1405 842 ἠπιότητα
1444 772 1537 826 καὶ
1575 778 1896 843 φιλανθρω-

208 866 342 916 πιάν
380 871 480 916 τοῦ
515 857 868 932 Πτολεμαίου
909 865 1269 932 συναπαίρειν
1309 864 1386 925 εἰς
1423 867 1710 930 Αἴγυπτον
1750 863 1896 935 αὐτῷ

209 949 300 1003 καὶ
347 961 639 1005 κοινωνεῖν
685 960 796 1005 τῶν
841 951 1176 1020 πραγμάτων
1223 951 1639 1020 ἠβουλήθησαν.
1716 951 1899 1019 <187>

212 1035 316 1092 ’ὧν
364 1032 442 1102 εἷς
494 1036 591 1108 ἦν’
647 1043 819 1108 φησίν
867 1038 1133 1104 (Ἐζεκίας
1186 1039 1215 1092 6
1272 1038 1557 1110 ἀρχιερεὺς
1607 1050 1718 1092 τῶν
1760 1038 1898 1093 Ἰου-
1923 1062 1966 1095 10

210 1129 409 1196 δαίων,
463 1129 761 1198 ἄνθρωπος
814 1129 916 1196 τὴν
971 1124 1073 1196 μὲν
1125 1127 1346 1195 ἡλικίαν
1400 1128 1473 1190 ὡς
1527 1125 1789 1197 ἑξήκοντα
1844 1127 1899 1191 ἓξ

210 1216 366 1286 ἐτῶν,
415 1225 488 1288 τῷ
539 1214 586 1268 δ’
627 1215 890 1284 ἀξιώματι
928 1222 1003 1286 τῷ
1048 1217 1196 1284 παρὰ
1234 1225 1349 1278 τοῖς
1388 1213 1686 1285 ὁμοέθνοις
1732 1214 1900 1285 μέγας

209 1304 300 1358 καὶ
332 1306 434 1374 τὴν
465 1305 649 1374 ψυχὴν
681 1304 785 1357 οὐκ
817 1303 1069 1372 ἀνόητος,
1108 1306 1187 1356 ε”τι
1219 1301 1281 1356 δὲ
1320 1303 1410 1357 καὶ
1451 1303 1633 1373 λέγειν
1666 1306 1902 1367 δυνατὸς

208 1393 300 1447 καὶ
339 1403 450 1447 τῶν
481 1393 835 1463 πραγμάτων,
873 1397 1026 1462 εἴπερ
1058 1412 1139 1455 τις
1177 1393 1360 1460 ἄλλος,
1403 1395 1679 1463 ἔμπειρος·
1719 1393 1902 1462 <188>

208 1481 413 1535 καίτοι’
454 1484 626 1550 φησίν
666 1480 746 1534 ‘015
782 1480 981 1543 πάντες
1022 1481 1183 1551 ἱερεῖς
1221 1490 1332 1533 τῶν
1361 1479 1671 1550 Ἰουδαίων,
1711 1483 1769 1536 οἱ
1799 1482 1901 1549 τὴν
1927 1504 1969 1539 15

210 1570 444 1639 δεκάτην
498 1578 610 1622 τῶν
664 1567 975 1637 γινομένων
1029 1568 1407 1637 λαμβάνοντες
1467 1568 1560 1622 καὶ
1615 1570 1680 1622 τὰ
1742 1571 1903 1624 κοινὰ

209 1661 578 1722 διοικοῦντες,
632 1655 759 1726 περὶ
813 1660 1024 1727 χιλίους
1076 1658 1312 1726 μάλιστα
1365 1657 1456 1711 καὶ
1506 1663 1904 1722 πεντακοσίους

210 1747 384 1801 εἰσίν.’
448 1747 632 1815 <189>
668 1746 836 1799 πάλιν
870 1743 931 1799 δὲ
962 1753 1062 1799 τοῦ
1097 1745 1503 1816 προειρημένου
1536 1749 1903 1817 μνημονεύων

208 1836 413 1907 ἀνδρός
479 1831 692 1898 ‘06:03'
755 1837 927 1904 φησίν
990 1835 1045 1889 ‘6
1111 1836 1410 1903 ἄνθρωπος
1479 1839 1747 1908 τετευχὼς
1810 1845 1905 1907 τῆς

207 1933 365 1994 τιμῆς
411 1925 612 1993 ταύτης
664 1922 756 1977 καὶ
803 1925 1056 1993 συνήθης
1101 1923 1233 1993 ἡμῖν
1282 1927 1605 1994 γενόμενος,
1660 1931 1903 1997 παραλα-
1929 1949 1972 1981 20

208 2015 325 2083 βών
377 2034 530 2076 τινας
585 2022 696 2066 τῶν
750 2011 878 2082 μεθ’
919 2011 1148 2081 ἑαυτοῦ,
1201 2014 1303 2083 τὴν
1355 2015 1636 2085 διαφορὰν
1689 2015 1903 2084 ἀνέγνω

207 2110 390 2155 πᾶσαν
423 2102 635 2165 αὐτοῖς·
677 2097 787 2172 εἶχε
826 2103 931 2171 γὰρ
963 2103 1065 2171 τὴν
1097 2106 1416 2172 κατοίκησιν
1449 2104 1635 2157 αὐτῶν
1673 2103 1765 2158 καὶ
1804 2106 1905 2174 τὴν

209 2193 492 2244 πολιτείαν
532 2189 953 2260 γεγραμμένηνὲ
1030 2191 1215 2261 <19Ο>
1261 2187 1376 2244 εἶτα
1416 2190 1699 2256 Ἑκαταῖος
1745 2195 1911 2263 δηλοῖ

206 2280 376 2333 πάλιν
398 2288 513 2341 πῶς
542 2269 736 2348 ἔχομεν
761 2280 898 2348 πρὸς
928 2281 1058 2342 τοὺς
1088 2281 1315 2349 νόμους,
1348 2280 1431 2333 ὅτι
1461 2281 1641 2334 πάντα
1673 2282 1904 2351 πάσχειν

207 2365 347 2437 ὑπὲρ
386 2375 486 2421 τοῦ
525 2369 598 2436 μὴ
638 2371 952 2438 παραβῆναι
983 2369 1216 2431 τούτους
1253 2370 1694 2439 προαιρούμεθα,
1733 2373 1905 2425 καλὸν
1930 2390 1974 2423 25

209 2453 351 2510 εἶναι
389 2459 720 2526 νομίζοντες.
791 2457 972 2524 <191>
1009 2456 1360 2527 (τοιγαροῦν’
1394 2461 1539 2534 φησί
1573 2458 1689 2512 εκαὶ
1729 2470 1908 2524 κακῶς
1987 2471 1990 2474 ”

210 2545 506 2606 ἀκούοντες
544 2543 651 2597 ὑπὸ
692 2553 803 2597 τῶν
835 2544 1242 2613 ἀστυγειτόνων
1276 2543 1369 2598 καὶ
1408 2556 1522 2600 τῶν
1553 2549 1907 2618 είσαφικνου-

209 2632 393 2702 μένων
441 2633 691 2702 πάντων,
745 2631 837 2686 καὶ
890 2637 1426 2704 προπηλακιζόμενοι
1478 2637 1744 2700 πολλάκις
1798 2638 1906 2691 ὑπὸ

206 2731 319 2774 τῶν
358 2726 655 2791 Περσικῶν
697 2720 972 2791 βασιλέων
1019 2721 1110 2776 καὶ
1158 2733 1471 2793 σατραπῶν,
1521 2725 1588 2778 οὐ
1637 2727 1906 2780 δύνανται

210 2816 644 2879 μεταπεισθῆναι
689 2817 752 2880 τῇ
803 2811 1050 2882 διανοίᾳ,
1106 2810 1243 2864 ἀλλὰ
1294 2812 1735 2882 γεγυμνωμένως
1779 2814 1906 2885 περὶ
1928 2833 1974 2865 30

207 2901 421 2953 τούτων
460 2897 550 2953 καὶ
598 2901 800 2962 αἰκίαις
845 2897 937 2952 καὶ
983 2900 1251 2964 θανάτοις
1291 2901 1630 2966 δεινοτάτοις
1672 2904 1908 2973 μάλιστα
