2032 3128
188 73 225 124 4
616 73 739 116 ΤοΤ
769 73 1110 116 ῙοΤΔΑΙΚοΤ
1139 73 1440 115 ΠΟΛΕΜΟΥ
1474 52 1479 56 ’

187 207 626 260 ἀντιστασιωτῶν
672 207 704 275 ἡ
751 209 921 270 πόλις.
997 206 1143 275 <22>
1183 207 1345 260 ὁπότε
1392 203 1492 274 μὲν
1539 201 1640 259 οὖν
1687 204 1862 275 ἀμφο-

187 294 434 365 τέρωθεν
481 293 834 364 ἐπιχειροῖτο,
884 297 1015 358 τοὺς
1061 297 1328 357 συνόντας
1373 295 1403 348 ὁ
1437 291 1693 361 Ἰωάννης
1739 293 1863 347 ἀντ-

189 383 434 454 έστρεφε,
487 381 578 436 καὶ
631 386 761 446 τοὺς
807 381 908 452 μὲν
955 383 1013 436 ἐκ
1059 391 1153 451 τῆς
1197 385 1406 446 πόλεως
1452 382 1710 445 ’ἀνιόντας
1757 382 1862 435 ἀπὸ

190 482 301 525 τῶν
342 481 520 525 στοῶν
565 472 814 540 βάλλων,
864 475 992 535 τοὺς
1039 470 1088 524 δ’
1133 470 1237 524 ἀπὸ
1277 479 1376 524 τοῦ
1416 472 1567 541 ἱεροῦ
1605 491 1866 524 κατακον-

189 563 433 625 τίζοντας
463 561 701 630 ἠμύνετο
733 570 847 624 τοῖς
878 559 1148 630 ὀργάνοις.
1205 560 1349 629 <23>
1388 562 1440 612 εἰ
1477 555 1527 612 δ’
1566 558 1867 627 ἐλευθερῶ·
1914 579 1934 611 5

191 652 319 717 θείη
358 646 489 702 ποτὲ
526 658 636 702 τῶν
667 650 1025 718 καθύπερθεν
1065 647 1419 717 ἐπικειμένων
1451 646 1772 719 (διανέπαυε
1813 644 1862 699 δ’

193 737 394 800 αὐτοὺς
447 738 709 800 πολλάκις
762 736 905 806 μέθη
957 756 1014 790 τε
1063 736 1153 790 καὶ
1208 734 1492 809 κάματος),
1548 735 1871 803 ἀδεέστερον

192 835 308 888 τοῖς
345 825 472 895 περὶ
517 827 614 878 τὸν
653 828 884 894 Σίμωνα
924 827 1056 894 μετὰ
1097 828 1370 878 πλειόνων
1409 824 1667 888 ἐπεξέθει.
1728 823 1872 892 <24>

195 913 279 967 ἀεὶ
319 911 367 967 δ’
416 909 501 983 ἐφ’
547 914 681 967 ὅσον
718 914 974 982 τρέψαιτο
1013 921 1109 983 τῆς
1145 915 1378 982 πόλεως,
1424 914 1740 981 ὑπεπίμπρη
1780 912 1875 974 τὰς

195 1004 373 1065 οἰκίας
420 1005 575 1056 σίτου
623 1003 821 1070 μεστὰς
866 1001 957 1055 καὶ
1001 1004 1369 1056 παντοδαπῶν
1418 1001 1761 1070 ἐπιτηδείων·
1812 1001 1873 1053 τὸ
1901 1022 1942 1052 10

196 1089 247 1144 δ’
296 1091 428 1145 αὐτὸ
474 1092 642 1144 πάλιν
687 1091 1110 1160 ὑποχωροῦντος
1156 1091 1325 1144 ἐπιὼν
1373 1091 1402 1143 ὁ
1443 1093 1638 1158 Σίμων
1685 1091 1878 1157 ἔπρατ-

196 1199 312 1248 τεν,
360 1180 541 1250 ὥσπερ
589 1178 837 1247 ἐπίτηδες
875 1177 1156 1248 Ῥωμαίοις
1202 1180 1623 1248 διαφθείροντες
1666 1177 1699 1230 ἃ
1743 1195 1879 1247 παρ-

197 1269 495 1322 εσκεύαστο
535 1269 671 1337 πρὸς
708 1270 1033 1338 πολιορκίαν
1072 1262 1106 1336 ἧ
1144 1270 1318 1335 πόλις,
1357 1265 1450 1320 καὶ
1487 1268 1551 1319 τά
1585 1275 1756 1336 νεῦρα
1786 1274 1882 1334 τῆς

198 1357 381 1410 αὑτῶν
421 1357 827 1419 ὑποκόπτοντες
867 1357 1166 1425 δυνάμεως.
1215 1356 1359 1424 <25>
1400 1354 1603 1424 συνέβη
1643 1363 1783 1422 γοῦν
1814 1356 1881 1407 τὰ

197 1442 298 1514 μὲν
339 1444 464 1515 περὶ
502 1447 563 1498 τὸ
606 1447 756 1513 ἱερὸν
794 1445 971 1498 πάντα
1012 1449 1393 1514 συμφλεγῆναι
1431 1442 1522 1496 καὶ
1562 1447 1881 1514 μεταίχμιον
1907 1459 1948 1492 15

199 1533 427 1602 ἐρημίας
472 1533 736 1601 γενέσθαι
782 1532 873 1586 καὶ
918 1533 1266 1603 παρατάξεως
1313 1535 1516 1595 οἰκείας
1561 1534 1662 1601 τὴν
1699 1535 1883 1599 πόλιν,

198 1630 535 1691 κατακαῆναι
583 1620 645 1675 δὲ
691 1624 835 1691 πλὴν
880 1622 1072 1691 ὀλίγου
1117 1623 1294 1675 πάντα
1341 1623 1438 1675 τὸν
1485 1631 1663 1690 σῖτον,
1710 1621 1769 1684 ὃς
1814 1620 1884 1674 ἂν

201 1711 389 1773 αὐτοῖς
439 1711 539 1764 οὐκ
592 1709 673 1764 ἐπ’
719 1712 880 1779 ὀλίγα
920 1713 1209 1782 διήρκεσεν
1251 1713 1340 1779 ε”τη
1379 1708 1884 1779 πολιορκουμένοις.

202 1799 347 1868 <26>
393 1804 532 1871 λιμῷ
582 1808 722 1868 γοῦν
770 1798 1046 1868 ἑάλωσαν,
1093 1800 1225 1869 ὅπερ
1272 1801 1466 1868 ἥκιστα
1514 1800 1753 1852 δυνατὸν
1799 1794 1886 1866 ἧν,

203 1890 252 1941 εἰ
292 1890 364 1957 μὴ
404 1896 604 1941 τοῦτον
643 1886 858 1951 ἑαυτοῖς
895 1889 1432 1959 προπαρεσκεύασαν.
1653 1877 1657 1889 ’
1910 1903 1954 1935 2⁰

316 1977 461 2046 <27>
498 1980 850 2046 πανταχόθεν
882 1974 943 2030 δὲ
973 1984 1069 2045 τῆς
1098 1980 1309 2040 πόλεως
1337 1975 1751 2045 πολεμουμένης
1781 1975 1888 2028 ὑπὸ

205 2075 317 2118 τῶν
356 2065 668 2134 ἐπιβούλων
706 2065 797 2118 καὶ
837 2067 1187 2135 συνηλύδων,
1226 2065 1389 2135 μέσος
1429 2066 1458 2119 ὁ
1499 2067 1671 2134 δῆμος
1709 2065 1890 2130 ὥσπερ

207 2152 346 2223 μέγα
395 2162 550 2223 σῶμα
597 2155 1035 2225 διεσπαράττετο.
1112 2155 1258 2223 <28>
1307 2152 1526 2224 γηραιοὶ
1569 2150 1630 2206 δὲ
1667 2151 1758 2206 καὶ
1797 2172 1893 2219 γυ-

208 2252 392 2304 ναῖκες
436 2239 529 2296 ὑπ’
583 2242 885 2312 ἀμηχανίας
931 2253 1041 2296 τῶν
1088 2249 1218 2296 εἴσω
1266 2252 1449 2296 κακῶν
1494 2243 1731 2311 ηὔχοντο
1772 2239 1893 2293 Ῥω-

205 2334 411 2400 μαίοις,
468 2329 558 2383 καὶ
609 2333 706 2384 τὸν
757 2331 965 2396 ἔξωθεν
1012 2335 1255 2401 πόλεμον
1307 2330 1389 2385 ἐπ’
1445 2331 1734 2401 ἐλευθερίᾳ
1783 2338 1893 2381 τῶν
1918 2345 1961 2378 25

207 2421 431 2472 οἰκείων
462 2430 646 2473 κακῶν
680 2419 1071 2491 ἐκαραδόκουν.
1111 2421 1258 2490 <29>
1282 2419 1612 2488 κατάπληξις
1644 2416 1705 2471 δὲ
1739 2419 1894 2486 δεινὴ

206 2506 296 2560 καὶ
339 2507 465 2570 δέος
493 2505 565 2578 ἧν
596 2518 711 2572 τοῖς
742 2512 1010 2578 γνησίοις,
1048 2508 1140 2562 καὶ
1180 2511 1305 2563 οὔτε
1345 2513 1553 2578 βουλῆς
1591 2509 1781 2577 καιρὸς
1819 2509 1898 2570 εἰς

209 2598 520 2665 μεταβολὴν
560 2598 685 2650 οὔτε
727 2599 1049 2667 συμβάσεως
1081 2596 1233 2661 ἐλπὶς
1264 2599 1390 2651 οὔτε
1422 2604 1601 2667 φυγῆς
1631 2606 1745 2659 τοῖς
1776 2594 1898 2648 ἐθέ-

211 2689 432 2738 λουσιν·
495 2686 641 2755 <30>
691 2686 1017 2756 ἐφρουρεῖτο
1066 2688 1169 2756 γὰρ
1215 2687 1422 2755 πάντα,
1476 2688 1568 2739 καὶ
1618 2686 1684 2738 τὰ
1735 2685 1899 2737 λοιπὰ

212 2774 591 2838 στασιάζοντες
645 2776 703 2829 oc
761 2774 1083 2846 ἀρχιλῃσταὶ
1136 2778 1266 2839 τοὺς
1321 2775 1568 2845 εἰρηνικὰ
1617 2772 1899 2842 Ῥωμαίοις
1922 2788 1967 2820 30

211 2870 558 2932 φρονοῦντας
604 2863 638 2933 ἢ
685 2865 821 2934 πρὸς
867 2864 1203 2933 αὐτομολίαν
1250 2865 1528 2926 ὑπόπτους
1567 2864 1641 2925 ὡς
1678 2863 1902 2923 κοινοὺς
