2032 3128
675 68 888 148 Aoroz
918 105 1241 148 ΠΡοΤΕΡοΣ
1695 105 1805 157 223

116 247 211 308 τῆς
266 238 622 308 ἀρχαιότητος
669 239 731 292 αἴ
779 236 824 291 τ’
863 240 1189 307 Αἰγυπτίων
1235 237 1324 292 καὶ
1372 241 1669 294 Χαλδαίων
1715 239 1807 294 καὶ

120 331 402 380 Φοινίκων
442 326 783 397 ἀναγραφαί,
831 329 969 396 πρὸς
1014 326 1247 391 ἐκείναις
1291 348 1348 381 τε
1394 337 1650 383 τοσοῦτοι
1695 339 1807 382 τῶν

108 414 391 484 Ἑλλήνων
438 426 789 486 συγγραφεῖς.
871 415 1055 484 <216>
1109 418 1188 468 ἔτι
1244 413 1304 469 δὲ
1358 415 1449 469 καὶ
1501 419 1639 485 πρὸς
1691 428 1807 481 τοῖς

115 503 425 574 εἰρημένοις
473 507 748 573 Θεόφιλος
793 502 885 557 καὶ
933 505 1205 567 Θεόδοτος
1257 503 1348 557 καὶ
1395 506 1662 570 Μνασέας
1714 504 1806 559 καὶ

69 591 505 663 εἈριστοφάνης
543 592 634 646 καὶ
665 590 1014 664 Ἑρμογένης,
1055 593 1342 662 Εὐήμερός
1379 613 1436 646 τε
1476 592 1565 646 καὶ
1602 595 1806 647 Κόνων

114 680 205 734 καὶ
246 685 575 749 Ζωπυρίων,
622 680 713 734 καὶ
759 685 961 735 πολλοί
999 700 1148 744 τινες
1193 683 1352 735 ἄλλοι
1392 682 1527 751 τάχα
1567 680 1660 753 (οὐ
1700 683 1804 753 γὰρ

113 772 283 838 ἔγωγε
338 778 507 823 πᾶσιν
556 768 883 840 ἐντετύχηκα
929 779 1045 832 τοῖς
1098 767 1358 841 βιβλίοις)
1407 770 1474 823 οὐ
1521 770 1807 840 παρέργως

111 858 268 926 ἡμῶν
309 858 800 928 ἐμνημονεύκασιν.
862 858 1042 927 <217>
1082 859 1141 912 οἱ
1172 857 1370 912 πολλοὶ
1411 856 1472 911 δὲ
1511 868 1623 912 τῶν
1659 861 1805 929 εἰρη-

112 947 296 1016 μένων
329 947 551 1016 ἀνδρῶν
583 954 678 1015 τῆς
708 944 810 1016 μὲν
842 946 1108 1016 ἀληθείας
1137 956 1249 999 τῶν
1275 946 1328 1010 ἐξ
1363 947 1530 1018 ἀρχῆς
1559 949 1807 1017 πραγμά-

47 1059 88 1090 10
112 1054 224 1088 των
265 1036 587 1104 διήμαρτον,
637 1036 719 1088 ὅτι
760 1036 833 1104 μὴ
874 1044 992 1098 ταῖς
1033 1036 1203 1105 ἱεραῖς
1245 1035 1401 1105 ἡμῶν
1439 1039 1655 1106 βίβλοις
1693 1035 1806 1089 ἐνέ-

69 1140 71 1142 ’
110 1145 298 1195 τυχον,
354 1134 556 1187 κοινῶς
609 1122 797 1194 μέντοι
850 1123 976 1194 περὶ
1030 1132 1126 1194 τῆς
1172 1124 1528 1194 ἀρχαιότητος
1572 1125 1808 1189 ἅπαντες

111 1199 620 1284 μεμαρτυρήκασιν,
672 1210 811 1282 ὑπὲρ
862 1209 926 1282 ἧς
971 1214 1036 1266 τὰ
1089 1220 1197 1266 νῦν
1244 1212 1427 1282 λέγειν
1472 1212 1805 1283 προεθέμην.

110 1303 291 1372 <218>
346 1303 375 1356 ὁ
431 1300 619 1371 μέντοι
674 1305 962 1372 Φαληρεὺς
1013 1303 1333 1371 Δημήτριος
1385 1301 1476 1355 καὶ
1528 1306 1718 1355 Φίλων
1775 1303 1804 1357 ὁ

109 1393 482 1461 πρεσβύτερος
541 1389 632 1444 καὶ
687 1390 1012 1460 Εὐπόλεμος
1065 1391 1134 1444 οὐ
1194 1392 1338 1444 πολὺ
1392 1398 1487 1459 τῆς
1540 1392 1807 1460 ἀληθείας

47 1502 86 1535 15
112 1481 432 1550 διήμαρτον.
523 1473 606 1543 οἷς
660 1481 1099 1548 συγγιγνώσκειν
1154 1478 1334 1543 ἄξιον·
1391 1480 1459 1533 οὐ
1511 1481 1617 1548 γὰρ
1672 1479 1805 1548 ἐνῆν

111 1569 299 1631 αὐτοῖς
344 1569 479 1637 μετὰ
517 1569 695 1637 πάσης
734 1568 1013 1638 ἀκριβείας
1051 1577 1165 1631 τοῖς
1202 1567 1486 1640 ἡμετέροις
1522 1569 1805 1639 γράμμασι

109 1661 579 1727 παρακολουθεῖν.

220 1746 400 1815 <219>
439 1746 500 1799 ἓν
537 1748 615 1799 ἔτι
655 1767 749 1815 μοι
787 1747 1090 1817 κεφάλαιον
1129 1746 1481 1799 ὑπολείπεται
1519 1755 1630 1799 τῶν
1669 1747 1803 1798 κατὰ

107 1837 209 1904 τὴν
248 1834 424 1906 ἀρχὴν
463 1833 850 1905 προτεθέντων
890 1833 990 1889 τοῦ
1038 1838 1228 1904 λόγου,
1275 1836 1370 1898 τὰς
1409 1835 1672 1903 διαβολὰς
1710 1833 1802 1887 καὶ

11 1943 84 1978 ‘20
108 1925 205 1987 τὰς
251 1925 557 1993 λοιδορίας,
614 1917 700 1987 αἶς
745 1924 1045 1995 κέχρηνταί
1085 1943 1232 1987 τινες
1277 1924 1411 1977 κατὰ
1458 1931 1557 1977 τοῦ
1605 1922 1804 1991 γένους

108 2013 282 2082 ἡμῶν,
330 2013 612 2077 ἀποδεῖξαι
661 2015 908 2081 ψευδεῖς,
959 2011 1051 2066 καὶ
1097 2022 1213 2076 τοῖς
1258 2015 1566 2082 γεγραφόσι
1604 2013 1803 2074 ταύτας

107 2101 241 2155 καθ’
273 2100 484 2155 ἑαυτῶν
522 2103 837 2171 χρήσασθαι
876 2102 1163 2172 μάρτυσιν.
1232 2102 1413 2171 <22Ο>
1448 2101 1531 2154 ὅτι
1564 2097 1666 2170 μὲν
1697 2097 1802 2154 οὖν

107 2189 198 2244 καὶ
247 2189 452 2261 ἑτέροις
496 2199 660 2244 τοῦτο
707 2195 937 2254 πολλοῖς
987 2190 1298 2260 συμβέβηκε
1346 2191 1438 2243 διὰ
1483 2191 1586 2259 τὴν
1632 2189 1800 2243 ἐνίων

108 2279 463 2349 δυσμένειαν,
510 2276 662 2348 οἶμαι
715 2280 1046 2348 γιγνώσκειν
1091 2282 1220 2343 τοὺς
1273 2277 1445 2333 πλέον
1490 2288 1609 2341 ταῖς
1657 2280 1800 2332 ἱστο-

40 2390 84 2423 25
107 2371 252 2439 ρίαις
292 2367 743 2438 ἐντυγχάνοντας.
819 2368 999 2437 (221)
1038 2367 1128 2421 καὶ
1167 2365 1272 2438 γὰρ
1306 2367 1493 2422 ἐθνῶν
1525 2387 1671 2431 τινες
1708 2367 1799 2420 καὶ

106 2467 218 2510 τῶν
260 2456 635 2520 ἐνδοξοτάτων
672 2460 890 2510 πόλεων
923 2458 1215 2527 ρ”υπαίνειν
1253 2458 1354 2526 τὴν
1385 2455 1670 2524 εὐγένειαν
1709 2454 1799 2509 καὶ

106 2547 202 2609 τὰς
252 2549 530 2608 πολιτείας
577 2546 935 2617 ἐπεχείρησαν
981 2547 1280 2616 λοιδορεῖν,
1328 2548 1652 2614 Θεόπομπος
1697 2541 1799 2613 μὲν

106 2636 208 2703 τὴν
250 2633 584 2704 Ἀθηναίων,
637 2636 739 2704 τὴν
787 2632 848 2688 δὲ
898 2636 1360 2704 Λακεδαιμονίων
1407 2631 1797 2703 Πολυκράτης·

109 2724 145 2777 ὁ,
180 2720 241 2776 δὲ
278 2725 378 2777 τὸν
414 2725 802 2792 Τριπολιτικὸν
841 2723 1054 2794 γράψας
1093 2722 1186 2792 (οὐ
1224 2724 1328 2793 γὰρ
1371 2724 1439 2791 δὴ
1474 2723 1800 2790 Θεόπομπός

39 2833 84 2866 30
109 2811 279 2882 ἐστιν,
327 2813 399 2875 ὥς
443 2832 590 2876 τινες
628 2811 866 2884 οἴονται)
912 2810 1004 2865 καὶ
1043 2814 1145 2882 τὴν
1175 2814 1447 2881 ’Θηβαίων
1486 2812 1651 2864 πόλιν
1691 2808 1801 2862 διέ-

107 2903 259 2970 βαλε.
334 2902 511 2955 πολλὰ
559 2898 621 2954 δὲ
666 2899 759 2954 καὶ
806 2904 1031 2971 Τίμαιος
1077 2901 1138 2954 ἐν
1183 2909 1302 2964 ταῖς
1357 2901 1622 2970 ἱστορίαις
1674 2896 1800 2968 περὶ

1836 1761 1893 1799 24
