2032 3128
234 111 344 164 270
839 115 996 155 ΚΑΤΑ
1027 112 1302 156 ΑΠΙΩΝΟΣ

233 245 333 315 μὲν
388 248 490 316 γάρ
537 249 679 299 εἰσιν
727 245 938 314 ἁπάσης
982 247 1230 309 παιδείας
1276 248 1469 316 τρόποι
1515 245 1606 299 καὶ
1652 254 1746 314 τῆς
1790 245 1915 315 περὶ

231 336 296 387 τὰ
344 336 446 403 ἔθη
501 342 860 403 κατασκευῆς,
915 330 992 387 ὧν
1041 335 1070 389 6
1117 331 1217 403 μὲν
1273 336 1456 402 λόγων
1511 336 1916 402 διδασκαλικός,

233 422 415 492 ἔτερος
461 420 521 475 δὲ
570 423 598 476 6
643 423 735 475 διὰ
782 429 875 490 τῆς
921 421 1199 491 ἀσκήσεως
1243 432 1354 476 τῶν
1401 422 1565 476 ἐθῶν.
1642 423 1823 491 <172>
1862 423 1920 476 οἱ

230 508 332 579 μὲν
364 507 469 565 οὖν
503 512 661 564 ἄλλοι
700 509 1000 580 νομοθέται
1039 521 1156 573 ταῖς
1194 512 1434 580 γνώμαις
1473 509 1786 580 διέστησαν,
1824 509 1915 564 καὶ

229 601 326 653 τὸν
373 598 559 667 ἔτερον
609 599 810 667 αὐτῶν,
856 598 921 652 ὃν
967 598 1155 662 ἔδοξεν
1199 596 1470 667 ἑκάστοις,
1518 596 1769 667 ἑλόμενοι
1815 600 1913 652 τὸν
1961 619 1983 652 5

229 688 400 741 ἄλλον
438 686 761 758 παρέλιπον,
803 680 924 741 οἷον
962 688 1395 755 Λακεδαιμόνιοι
1435 684 1535 756 μὲν
1573 685 1663 739 καὶ
1704 690 1917 757 Κρῆτες

230 778 419 829 ἔθεσιν
460 775 771 843 ἐπαίδευον,
811 776 878 829 οὐ
918 777 1121 844 λόγοις,
1157 773 1446 844 Ἀθηναῖοι
1487 772 1549 828 δὲ
1585 774 1677 828 καὶ
1717 776 1916 845 σχεδὸν

229 865 288 918 οί
329 866 488 918 ἄλλοι
526 857 725 927 πάντες
755 863 1044 932 1Ἕλληνες,
1093 863 1126 916 ἃ
1166 860 1267 932 μὲν
1305 865 1408 934 χρὴ
1449 864 1709 931 πράττειν
1749 863 1782 932 ἢ
1822 866 1914 933 μή,

226 953 594 1023 προσέταττον
643 954 734 1006 διὰ
781 962 889 1006 τῶν
937 954 1152 1021 νόμων,
1205 960 1304 1005 τοῦ
1353 949 1413 1005 δὲ
1459 954 1596 1022 πρὸς
1641 952 1778 1005 αὐτὰ
1823 953 1915 1005 διὰ

141 1055 194 1093 17
227 1051 339 1094 τῶν
379 1044 558 1112 ἔργων
598 1041 802 1106 ἐθίζειν
843 1041 1218 1111 ὠλιγώρησαν.
1288 1040 1467 1110 <173>
1507 1041 1536 1095 6
1578 1037 1627 1093 δ’
1657 1039 1915 1110 ἡμέτερος
1939 1062 1984 1093 10

227 1129 535 1199 νομοθέτης
581 1132 744 1199 ἄμφω
791 1139 959 1183 ταῦτα
1008 1132 1323 1199 συνήρμοσε
1370 1131 1506 1183 κατὰ
1547 1131 1759 1199 πολλὴν
1803 1129 1916 1182 ἐπι-

226 1217 470 1287 μέλειαν·
542 1219 668 1272 οὔτε
731 1220 835 1288 γὰρ
899 1220 1094 1288 κωφὴν
1155 1218 1382 1271 ἀπέλιπε
1438 1219 1539 1286 τὴν
1592 1227 1703 1271 τῶν
1767 1217 1917 1271 ἐθῶν

225 1307 480 1376 ἄσκησιν,
519 1308 647 1361 οὔτε
686 1310 783 1361 τὸν
823 1307 882 1360 ἐκ
921 1315 1020 1360 τοῦ
1059 1309 1238 1376 νόμου
1277 1309 1446 1375 λόγον
1487 1307 1767 1377 ἄπρακτον
1805 1312 1915 1359 εἵα-

226 1410 346 1463 σεν,
401 1394 520 1448 ἀλλ’
559 1396 731 1459 εὐθὺς
786 1395 890 1450 ἀπὸ
937 1403 1032 1464 τῆς
1084 1396 1301 1466 πρώτης
1349 1394 1655 1465 ἀρξάμενος
1707 1402 1917 1465 τροφῆς

224 1482 313 1536 καὶ
358 1492 453 1552 τῆς
497 1484 633 1537 κατὰ
678 1486 739 1538 τὸ
786 1486 994 1537 οἰκεῖον
1035 1481 1243 1556 ἑκάστῳ
1291 1484 1528 1552 διαίτης,
1576 1480 1744 1537 οὐδὲν
1783 1480 1915 1536 οὐδὲ
1941 1502 2024 1541 15,

222 1582 334 1625 τῶν
373 1572 732 1643 βραχυτάτων
772 1572 1131 1636 αὐτεξούσιον
1178 1571 1266 1625 ἐπὶ
1303 1582 1423 1636 ταῖς
1468 1574 1767 1641 βουλήσεσι
1805 1580 1916 1624 τῶν

222 1659 581 1731 χρησομένων
623 1660 937 1730 κατέλιπεν,
992 1661 1174 1730 <174>
1213 1660 1351 1714 ἀλλὰ
1397 1659 1488 1714 καὶ
1533 1659 1659 1731 περὶ
1706 1663 1939 1728 σιτίων,-

224 1749 372 1802 ὅσων
411 1748 715 1819 ἀπέχεσθαι
754 1750 858 1819 χρὴ
897 1747 988 1802 καὶ
1026 1752 1150 1802 τίνα
1187 1747 1625 1820 προσφέρεσθαι,
1664 1746 1755 1802 καὶ
1791 1746 1915 1818 περὶ

222 1847 333 1891 τῶν
380 1841 841 1907 κοινωνησόντων
895 1846 992 1907 τῆς
1048 1839 1288 1907 διαίτης,
1344 1841 1521 1909 ἔργων
1578 1836 1627 1890 τ’
1666 1838 1918 1900 εὐτονίας

222 1925 347 1995 περὶ
386 1928 481 1989 τὰς
518 1925 711 1997 τέχνας
747 1925 837 1980 καὶ
871 1928 1180 1996 τοῦμπαλιν
1211 1926 1571 1989 ἀναπαύσεως
1609 1927 1745 1996 ὅρον
1785 1928 1916 1994 ἔθη-
1941 1947 1983 1978 20

223 2035 318 2068 κεν
350 2014 514 2078 αὐτὸς
551 2014 642 2068 καὶ
679 2018 888 2069 κανόνα
927 2017 1025 2068 τὸν
1056 2018 1263 2085 νόμον,
1290 2014 1364 2068 ἵν’
1394 2016 1575 2084 ὥσπερ
1607 2015 1716 2069 ὑπὸ
1751 2012 1914 2084 πατρὶ

221 2105 398 2177 τούτῳ
453 2102 543 2157 καὶ
600 2105 837 2176 δεσπότῃ
902 2108 1094 2170 ζῶντες
1149 2107 1282 2174 μήτε
1344 2107 1678 2173 βουλόμενοι
1739 2099 1915 2172 μηδὲν

221 2190 356 2262 μήθ’
387 2190 483 2245 ὑπ’
517 2192 745 2261 ἀγνοίας
783 2193 1197 2263 ἀμαρτάνωμεν.
1273 2194 1455 2261 <175>
1498 2190 1630 2246 οὐδὲ
1668 2193 1774 2262 γὰρ
1813 2192 1915 2260 τὴν

221 2280 314 2334 ὑπ’
349 2281 577 2349 ἀγνοίας
611 2282 946 2351 ὑποτίμησιν
977 2281 1237 2352 ἠνέσχετο
1276 2286 1615 2350 καταλιπεῖν,
1655 2281 1792 2334 ἀλλὰ
1824 2278 1915 2332 καὶ

220 2371 515 2423 κάλλιστον
568 2369 660 2423 καὶ
715 2370 1149 2439 ἀναγκαιότατον
1196 2369 1442 2436 ἀπέδειξε
1489 2371 1765 2439 παίδευμα
1816 2369 1913 2422 τὸν
1938 2389 1981 2421 25

223 2461 417 2528 νόμον,
464 2460 565 2512 οὐκ
605 2458 830 2523 εἰσάπαξ
871 2459 1304 2530 ἀκροασομένοις
1343 2457 1476 2513 οὐδὲ
1516 2461 1602 2522 δὶς
1639 2457 1671 2527 ἢ
1711 2457 1914 2511 πολλά-

220 2568 329 2616 κις,
376 2542 495 2601 ἀλλ’
535 2546 762 2617 ἑκάστης
802 2547 1111 2617 ἑβδομάδος
1157 2558 1268 2602 τῶν
1308 2549 1492 2601 ἄλλων
1540 2549 1717 2618 ἔργων
1757 2546 1913 2615 ἀφει-

220 2637 421 2704 μένους
467 2634 556 2690 ἐπὶ
602 2637 703 2705 τὴν
750 2637 1016 2707 ἀκρόασιν
1059 2645 1159 2691 τοῦ
1205 2640 1383 2706 νόμου
1429 2634 1680 2690 ἐκέλευσε
1721 2632 1913 2688 συλλέ-

221 2731 419 2792 γεσθαι
458 2723 549 2778 καὶ
588 2733 786 2779 τοῦτον
827 2725 1066 2795 ἀκριβῶς
1106 2726 1500 2795 ἐκμανθάνειν·
1543 2725 1570 2778 ὃ
1606 2724 1674 2792 δὴ
1714 2724 1914 2784 πάντες

133 2827 186 2866 18
222 2815 280 2867 οἱ
314 2812 616 2882 νομοθέται
656 2814 865 2867 ἐοίκασι
904 2819 1254 2884 παραλιπεῖν,
1293 2814 1475 2882 <176>
1513 2811 1603 2866 καὶ
1644 2819 1912 2866 τοσοῦτον
1936 2832 1979 2863 30

222 2904 279 2955 οί
327 2907 571 2956 πλεῖστοι
618 2912 728 2956 τῶν
776 2903 1093 2972 ἀνθρώπων
1141 2901 1406 2973 ἀπέχουσι
1453 2910 1552 2956 τοῦ
1599 2902 1733 2955 κατὰ
1784 2902 1913 2961 τοὺς
