2032 3128
205 113 314 166 320
761 116 862 156 ΕΙΣ
892 115 1330 158 ΜΑΚΚΑΒΑῙΟΤΣ

207 247 266 300 ἐν
296 247 558 313 βασάνοις
588 245 823 315 βλέπων,
856 248 923 301 οὐ
955 251 1136 316 τρίτος
1166 248 1483 319 ἀποψύχων.
1538 249 1721 317 <183>
1753 246 1885 302 οὐδὲ

206 338 334 398 τοὺς
374 334 704 403 ὀφθαλμοὺς
744 334 865 398 ἑνὸς
900 334 1129 390 ἑκάστου
1160 343 1457 407 θεωροῦσα
1489 339 1766 406 ταυρηδὸν
1799 335 1886 391 ἐπὶ

205 434 313 476 τῶν
351 424 612 492 βασάνων
652 424 896 492 ὁρῶντας
940 425 1039 478 τὸν
1079 423 1289 479 ἑαυτῶν
1329 428 1586 495 αἰκισμὸν
1623 423 1714 478 καὶ
1761 427 1889 488 τοὺς

207 521 482 581 μυκτῆρας
534 512 1077 580 προσημειουμένους
1122 515 1220 567 τὸν
1266 514 1516 567 θάνατον
1563 514 1745 567 αὐτῶν
1785 554 1798 566 .
1831 554 1842 566 .
1876 553 1889 565 .

207 601 309 654 οὐκ
348 603 618 663 ἔκλαυσας
656 600 840 668 ὁρῶσα
880 601 1082 670 σάρκας
1119 600 1327 654 τέκνων
1360 601 1761 671 ἀποκαιομένας
1799 600 1889 655 καὶ

206 687 293 741 ἐπὶ
340 688 495 758 χερσὶ
540 699 725 757 χεῖρας
763 688 1205 758 ἀποτεμνομένας
1250 689 1341 743 καὶ
1381 688 1470 742 ἐπὶ
1507 695 1769 759 κεφαλαῖς
1806 709 1891 743 κε-

207 779 385 845 φαλὰς
440 777 1043 846 ἀποδειροτομουμένας
1100 777 1191 831 καὶ
1247 777 1334 831 ἐπὶ
1387 788 1603 848 νεκροῖς
1662 781 1893 848 νεκροὺς

205 869 527 934 πίπτοντας,
583 854 697 918 καὶ·
726 867 1104 936 πολυάνδριον
1157 867 1341 936 ὁρῶσα
1395 877 1506 920 τῶν
1564 866 1773 920 τέκνων
1830 868 1891 920 τὸ

206 958 411 1024 χωρίον
452 955 545 1006 διὰ
584 964 694 1007 τῶν
733 954 995 1023 βασάνων
1035 954 1136 1007 οὐκ
1176 954 1495 1024 ἐδάκρυσας.
1573 956 1754 1023 <184>
1793 955 1892 1025 οὐχ

208 1043 350 1095 οὕτω
399 1045 695 1110 σειρήνειοι
749 1044 1014 1113 μελῳδίαι
1063 1040 1195 1096 οὐδὲ
1248 1045 1492 1096 κύκνειοι
1545 1046 1683 1112 πρὸς
1733 1049 1893 1112 φιλη-

207 1134 365 1184 κοΐαν
413 1130 596 1200 φωναὶ
651 1133 782 1193 τοὺς
834 1130 1137 1194 ἀκούοντας
1191 1130 1513 1199 ἐφέλκονται
1569 1132 1642 1194 ὡς
1687 1130 1895 1185 τέκνων

208 1218 390 1288 φωναὶ
427 1220 561 1288 μετὰ
593 1219 853 1288 βασάνων
886 1218 1088 1289 μητέρα
1121 1222 1480 1289 φωνούντων.
1527 1219 1708 1289 <185>
1738 1223 1895 1289 πηλί-

207 1328 327 1370 καις
373 1306 463 1360 καὶ
510 1311 706 1371 πόσαις
747 1311 868 1361 τότε
919 1309 948 1376 ἡ
998 1311 1173 1378 μήτηρ
1213 1318 1323 1362 τῶν
1361 1310 1502 1362 υἱῶν
1540 1308 1895 1378 βασανιζομέ-

207 1417 321 1448 νων
358 1407 574 1466 τροχοῖς
613 1417 668 1449 τε
708 1395 797 1449 καὶ
838 1401 1192 1466 καυστηριόις
1232 1397 1577 1467 ἐβασανίζετο
1618 1397 1895 1465 βασάνοις.

209 1485 345 1537 ἀλλὰ
385 1487 451 1538 τὰ
488 1485 773 1555 σπλάγχνα
805 1485 972 1554 αὐτῆς
1004 1485 1032 1539 ὁ
1066 1486 1298 1555 εὐσεβὴς
1329 1487 1590 1554 λογισμὸς
1622 1485 1682 1539 ἐν
1709 1486 1896 1548 αὐτοῖς

207 1583 321 1636 τοῖς
358 1574 598 1627 πάθεσιν
640 1573 978 1641 ἀνδρειώσας
1017 1573 1255 1627 ἐπέτεινε
1295 1576 1396 1643 τὴν
1435 1577 1775 1644 πρόσκαιρον
1807 1595 1897 1643 φι-

208 1665 494 1715 λοτεκνίαν
556 1663 832 1730 παριδεῖν,
902 1665 1096 1731 καίπερ
1161 1660 1293 1716 ἑπτὰ
1353 1662 1564 1716 τέκνων
1621 1662 1896 1715 ἀπώλειαν

209 1752 391 1819 ὁρῶσα
437 1749 529 1803 καὶ
574 1752 676 1819 τὴν
722 1760 831 1803 τῶν
873 1754 1152 1820 στρεβλῶν
1199 1752 1552 1804 πολύπλοκον
1599 1755 1895 1805 ποικιλίαν.

207 1839 387 1908 <186>
435 1839 497 1901 ἃς
545 1838 756 1901 ἁπάσας
800 1840 833 1907 ἡ
882 1843 1112 1907 γενναία
1167 1843 1341 1908 μήτηρ
1392 1838 1608 1902 ἐξέλυσε
1657 1840 1751 1891 διὰ
1797 1841 1898 1907 τὴν

207 1930 343 1997 πρὸς
388 1929 527 1981 θεὸν
574 1931 777 1980 πίστιν.
855 1928 1105 1995 καθάπερ
1153 1928 1258 1995 γὰρ
1308 1927 1367 1980 ἐν
1407 1929 1785 2000 βουλευτηρίῳ
1833 1934 1897 1997 τῇ

211 2015 406 2085 ἑαυτῆς
446 2025 592 2086 ψυχῇ
634 2017 853 2079 δεινοὺς
894 2017 1077 2083 ὁρῶσα
1117 2017 1470 2084 συμβούλους
1508 2016 1683 2084 φύσιν
1713 2035 1770 2068 τε
1809 2015 1900 2068 καὶ

210 2104 427 2173 γένεσιν
482 2103 572 2157 καὶ
631 2107 986 2173 φιλοτεκνίαν
1039 2102 1130 2157 καὶ
1183 2103 1393 2156 τέκνων
1450 2103 1737 2174 στρέβλας,
1798 2105 1899 2157 δύο

211 2198 432 2262 ψήφους
477 2202 753 2261 κρατοῦσα
799 2193 832 2261 ἡ
881 2195 1085 2262 μήτηρ,
1133 2195 1531 2262 θανατηφόρον
1569 2212 1626 2245 τε
1666 2191 1753 2246 καὶ
1797 2207 1901 2245 σω-

210 2284 421 2350 τήριον,
467 2279 606 2349 ὑπὲρ
645 2281 871 2350 τέκνων,
911 2282 1013 2335 οὐκ
1054 2280 1263 2349 ἐπέγνω
1304 2281 1405 2349 τὴν
1445 2283 1730 2345 σώζουσαν
1769 2279 1901 2334 ἑπτὰ

210 2372 371 2434 υἱοὺς
408 2373 545 2441 πρὸς
583 2371 775 2438 ὀλίγον
814 2373 1021 2440 χρόνον
1061 2373 1355 2438 σωτηρίαν,
1399 2369 1537 2422 ἀλλὰ
1575 2378 1671 2438 τῆς
1708 2375 1901 2423 θεοσε-

212 2463 347 2552 βοῦς
389 2457 634 2528 Ἀβραὰμ
682 2462 971 2529 καρτερίας
1009 2459 1042 2526 ἡ
1081 2459 1334 2528 θυγάτηρ
1375 2458 1640 2527 ἐμνήσθη.
1717 2458 1899 2526 <187>

213 2545 255 2601 ὦ
296 2556 463 2617 μῆτερ
501 2550 721 2615 ἔθνους,
761 2549 941 2600 ἔκδικε
981 2555 1081 2601 τοῦ
1119 2550 1297 2615 νόμου
1337 2544 1428 2599 καὶ
1467 2546 1900 2615 ὑπερασπίστρια

211 2645 306 2705 τῆς
345 2638 649 2705 εὐσεβείας,
697 2635 789 2688 καὶ
837 2644 935 2690 τοῦ
977 2637 1068 2689 δια
1108 2636 1438 2705 σπλάγχνων
1479 2633 1692 2702 ἀγῶνος
1731 2634 1901 2687 ἀθλο-

213 2729 375 2794 φόρε,
439 2722 480 2778 ω
537 2724 787 2795 ἀρρένων
841 2726 978 2794 πρὸς
1038 2727 1331 2795 καρτερίαν
1393 2721 1750 2793 γενναιοτέρα
1810 2721 1901 2776 καὶ

214 2814 437 2883 ἀνδρῶν
477 2817 614 2884 πρὸς
654 2815 944 2883 ὑπομονὴν
984 2812 1354 2883 ἀνδρειοτέρα.
1430 2812 1682 2882 καθάπερ
1722 2832 1826 2881 γαρ
1866 2812 1898 2880 ἡ

213 2911 312 2956 τοῦ
367 2907 496 2956 Νῶε
560 2905 792 2972 κιβωτὸς
847 2903 906 2957 ἐν
961 2911 1035 2975 τῷ
1098 2906 1481 2972 κοσμοπληθεῖ
1538 2904 1899 2971 κατακλυσμῷ

1919 1066 2032 1119 1οῚ

1922 1948 1966 1980 20

1926 2387 1969 2419 25

1925 2830 1969 2861 30
