2032 3128
673 129 884 171 ΛΟΓΟΣ
916 129 1205 170 ΕΒΔοΜοΣ
1673 121 1778 173 175

96 260 235 314 ἀλλὰ
274 264 439 330 φήσει
477 282 559 325 τις
598 263 682 315 ’ὅτι
721 264 1098 330 Καισαρεῦσιν
1135 256 1207 329 ἣν
1241 258 1326 313 ἀεὶ
1366 257 1606 327 διαφορὰ
1644 258 1781 326 πρὸς

98 351 223 403 τοὺς
253 347 379 416 παρ’
405 349 608 418 αὐτοῖς,
639 348 730 403 καὶ
761 357 862 403 τοῦ
891 356 1091 418 καιροῦ
1122 351 1421 417 λαβόμενοι
1451 348 1513 400 τὸ
1544 347 1781 399 παλαιὸν

97 437 255 495 μῖσος
304 427 719 500 ἀπεπλήρωσαν-
798 438 979 505 <364>
1025 440 1083 489 τί
1132 433 1235 490 οὗν
1281 438 1411 498 τοὺς
1458 434 1517 487 ἐν
1558 438 1781 487 Σκυθο-

96 519 253 569 πόλει
306 525 526 586 φῶμεν;
588 518 721 586 ἡμῖν
774 520 879 587 γὰρ
935 524 1137 571 ἐκεῖνοι
1191 522 1284 570 διὰ
1337 525 1464 579 τοὺς
1509 522 1782 591 ’Έλληνας

53 626 73 657 5
96 609 356 673 πολεμεῖν
389 605 715 675 ἐτόλμησαν,
754 605 876 659 ἀλλ’
904 606 971 659 οὐ
1003 607 1136 674 μετὰ
1166 614 1276 658 τῶν
1308 613 1596 672 συγγενῶν
1628 610 1782 673 ἡμῶν

27 1065 70 1096 10

26 1507 68 1539 15

8 1950 69 1982 ‘20

24 2839 68 2871 30

88 690 386 762 Ῥωμαίους
432 693 758 763 ἀμύνεσθαι.
835 697 977 748 πολὺ
1025 696 1217 747 τοίνυν
1258 694 1471 760 ὤνησεν
1510 693 1710 755 αὐτοὺς
1747 693 1782 761 ἡ

95 783 232 849 πρὸς
285 781 530 843 ἐκείνους
576 783 766 834 εὔνοια
819 781 910 832 καὶ
963 784 1158 842 πίστις.
1234 780 1415 848 <365>
1462 778 1557 833 ὑπ’
1598 781 1782 834 αὐτῶν

95 868 282 933 μέντοι
313 868 636 936 πανοικεσίᾳ
666 876 872 935 πικρῶς
901 869 1412 937 κατεφονεύθησαν,
1450 869 1656 937 ταύτην
1687 876 1783 937 τῆς

95 957 404 1023 συμμαχίας
452 953 688 1023 ἀμοιβὴν
736 955 1133 1024 ἀπολαβόντες·
1181 957 1364 1025 <366>
1413 956 1446 1009 ἃ
1494 958 1597 1027 γὰρ
1648 956 1782 1009 ε’κεί-

93 1062 226 1104 νους
256 1041 352 1112 ὑφ’
377 1043 532 1111 ἡμῶν
567 1042 817 1113 (παθεῖν)
853 1043 1156 1113 ἐκώλυσαν,
1187 1043 1351 1098 ταῦθ’
1374 1044 1676 1114 ὑπέμειναν
1709 1045 1781 1107 ὡς

94 1129 250 1184 αὐτοὶ
305 1133 505 1199 δρᾶσαι
557 1134 907 1200 θελήσαντες.
993 1134 1203 1202 μακρὸν
1258 1133 1327 1186 ἂν
1373 1139 1456 1202 εἴη
1511 1140 1618 1185 νῦν
1667 1134 1781 1205 ἰδία

92 1218 217 1290 περὶ
273 1217 514 1272 ἑκάστων
569 1218 763 1288 λέγειν.
849 1220 1031 1289 <367>
1090 1226 1201 1274 ἴστε
1255 1223 1361 1289 γὰρ
1416 1221 1501 1274 ὅτι
1554 1231 1665 1274 τῶν
1720 1222 1780 1275 ἐν

94 1312 276 1380 Συρία
321 1311 536 1362 πόλεων
576 1309 680 1362 οὐκ
726 1311 874 1362 ἔστιν
912 1310 1031 1377 ἥτις
1076 1313 1205 1373 τοὺς
1250 1308 1378 1380 παρ’
1415 1310 1551 1380 αὐτῇ
1599 1330 1781 1363 κατοι-

93 1405 330 1460 κοῦντας
370 1395 675 1461 Ἰουδαίους
715 1398 816 1451 οὐκ
863 1396 1156 1468 ἀνῄρηκεν,
1201 1399 1335 1468 ἡμῖν
1374 1398 1543 1452 πλέον
1582 1399 1616 1468 ἢ
1653 1397 1780 1452 Ῥω-

93 1495 245 1555 μαῖοι
292 1487 454 1548 ὄντας
504 1490 825 1555 πολεμίους·
881 1487 1063 1556 <368>
1112 1487 1253 1541 ὅπου
1307 1508 1370 1556 γε
1417 1487 1781 1556 Δαμασκηνοὶ

93 1571 231 1643 μηδὲ
290 1577 571 1644 πρόφασιν
633 1576 867 1643 εὔλογον
928 1577 1132 1629 πλάσαι
1195 1575 1532 1645 δυνηθέντες
1598 1579 1779 1645 φόνου

92 1663 438 1733 μιαρωτάτου
465 1665 566 1732 τὴν
592 1664 776 1717 αὑτῶν
799 1667 963 1718 πόλιν
989 1664 1312 1734 ἐνέπλησαν,
1345 1665 1781 1735 ὀκτακισχιλίους

91 1753 228 1822 πρὸς
265 1761 380 1814 τοῖς
425 1755 644 1821 μυρίοις
684 1748 989 1816 Ἰουδαίους
1028 1755 1138 1823 ἅμα
1177 1752 1395 1822 γυναιξὶ
1435 1753 1527 1807 καὶ
1565 1763 1780 1822 γενεαῖς

93 1839 517 1909 ἀποσφάξαντες.
593 1842 775 1911 <369>
814 1844 875 1895 τὸ
917 1840 965 1894 δ’
1000 1842 1059 1895 ἐν
1099 1844 1362 1915 Αἰγύπτῳ
1410 1847 1626 1911 πλῆθος
1667 1851 1778 1895 τῶν

93 1925 224 1999 μετ’Δ
247 1931 425 1991 αἰκίας
471 1929 834 2000 ἀνῃρημένων
875 1930 929 1994 ἕξ
975 1949 1085 1984 που
1131 1932 1404 2002 μυριάδας
1447 1932 1779 2000 ὑπερβαλεῖν

93 2017 541 2086 ἐπυνθανόμεθα.
617 2018 862 2073 κάκεῖνοι
909 2017 1011 2089 μὲν
1052 2026 1182 2084 ἴσως
1229 2019 1312 2073 ἐπ’
1345 2020 1635 2089 ἀλλοτρίας
1682 2029 1780 2089 γῆς

91 2104 259 2160 οὐδὲν
298 2107 598 2160 ἀντίπαλον
634 2108 926 2177 εὑρόμενοι
964 2119 1078 2171 τοῖς
1116 2112 1398 2178 πολεμίοις
1438 2109 1613 2172 οὕτως
1652 2107 1779 2161 ἀπέ-

89 2201 290 2263 θανον,
343 2205 459 2258 τοῖς
513 2193 563 2248 δ’
606 2195 693 2249 ἐπὶ
746 2204 841 2265 τῆς
894 2198 1099 2260 οἰκείας
1151 2200 1248 2251 τὸν
1302 2200 1440 2268 πρὸς
1486 2196 1780 2267 Ῥωμαίους

89 2287 333 2353 πόλεμον
365 2283 658 2354 ἀραμένοις
696 2287 864 2339 ἅπασι
903 2289 960 2339 τί
993 2295 1105 2339 τῶν
1147 2286 1341 2339 ἐλπίδα
1379 2289 1536 2355 νίκης
1576 2286 1778 2356 ἐχυρὰν

46 2382 393 2442 ὅπαρασχεῖν
449 2372 776 2442 δυναμένων
832 2374 933 2443 οὐχ
987 2375 1220 2443 ὑπῆρξε;
1282 2375 1466 2445 <370>
1518 2373 1610 2428 καὶ
1671 2376 1776 2443 γὰρ

0 2489 3 2492 -
91 2461 232 2514 ὅπλα
278 2459 369 2514 καὶ
415 2465 566 2532 τείχη
613 2461 704 2515 καὶ
750 2467 1039 2532 φρουρίων
1087 2465 1397 2517 δυσάλωτοι
1448 2461 1778 2517 κατασκευαὶ

90 2548 180 2602 καὶ
211 2552 472 2619 φρόνημα
503 2554 642 2621 πρὸς
672 2554 800 2614 τοὺς
831 2549 969 2620 ὑπὲρ
1001 2559 1096 2620 τῆς
1127 2552 1448 2620 ἐλευθερίας
1477 2553 1778 2615 κινδύνους

91 2639 355 2707 ἄτρεστον
377 2640 586 2703 πάντας
616 2641 752 2710 πρὸς
776 2641 878 2709 τὴν
902 2640 1203 2694 ἀπόστασιν
1229 2640 1553 2710 ἐπέρρωσεν.
1592 2641 1777 2710 <371>

93 2727 230 2784 ἀλλὰ
276 2736 446 2782 ταῦτα
492 2730 628 2797 πρὸς
674 2731 888 2799 βραχὺν
926 2732 1132 2799 χρόνον
1170 2729 1476 2800 ἀρκέσαντα
1522 2728 1613 2782 καὶ
1660 2739 1778 2792 ταῖς

93 2815 308 2870 ἐλπίσιν
339 2817 479 2886 ἡμᾶς
511 2817 785 2888 ἐπάραντα
817 2820 1084 2887 μειζόνων
1117 2818 1254 2888 ἀρχὴ
1286 2827 1470 2871 κακῶν
1503 2818 1775 2888 ἀνεφάνη·

91 2905 270 2958 πάντα
315 2907 420 2974 γὰρ
466 2907 581 2974 ἥλω
635 2904 726 2959 καὶ
778 2907 956 2960 πάντα
1002 2916 1117 2970 τοῖς
1161 2910 1444 2976 πολεμιόις
1489 2906 1778 2977 ὑπέπεσεν,
