2032 3128
657 124 868 166 ΛΟΓΟΣ
899 124 1201 166 ΠΕΜΠΤοΣ
1701 123 1770 174 37

91 257 389 325 προύχοντι
443 259 583 309 πολὺ
638 255 729 309 καὶ
784 258 856 326 μὴ
913 255 1205 328 δυναμένῳ
1262 256 1676 327 συναπορρῆξαί
1724 277 1777 310 τι

93 344 295 415 ῥᾳδίως
333 351 432 397 τοῦ
470 347 785 414 περιβόλου.

1830 359 1844 391 Ι

201 433 381 502 <284>
420 432 764 501 παυσάμενοι
804 430 866 485 δὲ
908 441 1018 486 τῶν
1059 431 1343 503 ἐκδρομῶν
1382 435 1518 502 πρὸς
1567 434 1775 502 ὀλίγον,
1808 446 1834 486 5

89 519 180 573 καὶ
225 524 354 583 τοὺς
401 519 697 590 Ῥωμαίους
744 521 1164 590 ἐπιτηρήσαντες
1212 520 1644 591 ἐσκεδασμένους
1691 520 1779 575 ἐπὶ

45 630 66 662 5
89 604 262 677 τᾶργα
307 607 398 662 καὶ
445 610 580 662 κατα
626 611 691 662 τὰ
740 611 1080 679 στρατόπεδα
1129 608 1372 683 (καμάτῳ
1418 611 1523 679 γὰρ
1568 609 1778 679 ἀναχω-

91 705 254 766 ρῆσαι
292 695 383 750 καὶ
416 697 530 750 δέει
560 700 690 760 τοὺς
722 696 1030 761 Ἰουδαίους
1065 696 1303 769 ἠξίουν),
1346 697 1604 752 ἐκθέουσι
1642 699 1778 751 κατὰ

89 787 187 839 τὸν
224 784 468 839 Ἱππικὸν
506 787 720 856 πύργον
762 787 853 838 διὰ
892 788 1068 855 πύλης
1107 788 1267 855 ἄφνω
1308 787 1532 855 πάντες,
1571 795 1681 857 πῦρ
1721 807 1779 840 τε

89 883 204 936 τοῖς
242 876 424 944 ἔργοις
470 873 824 945 ἐπιφέροντες
868 873 959 927 καὶ
1007 873 1166 944 μέχρι
1212 884 1324 927 τῶν
1365 874 1650 944 ἐρυμάτων
1693 873 1780 928 ἐπὶ

88 965 219 1025 τοὺς
250 961 546 1031 Ῥωμαίους
583 967 882 1032 προελθεῖν
923 963 1255 1033 ὡρμημένοι.
1326 964 1508 1032 <285>
1548 967 1686 1034 πρὸς
1720 961 1780 1017 δὲ

21 1071 66 1104 10
90 1052 191 1120 τὴν
228 1052 478 1121 κραυγὴν
517 1052 701 1105 αὐτῶν
741 1053 799 1104 οἵ
837 1071 893 1105 τε
933 1056 1169 1120 πλησίον
1210 1056 1539 1106 συνίσταντο
1578 1051 1781 1121 ταχέως

87 1138 178 1192 καὶ
233 1141 292 1193 οί
340 1127 637 1210 πόρρωθεν
686 1140 972 1194 συνέθεον.
1050 1143 1260 1210 ἔφθανε
1317 1139 1371 1194 δ’
1409 1141 1443 1209 ἡ
1493 1139 1782 1195 Ἰουδαίων

88 1231 261 1297 τόλμα
307 1230 409 1298 τὴν
446 1226 728 1299 (Ρωμαίων
776 1229 1049 1297 εὐταξίαν,
1097 1228 1188 1282 καὶ
1234 1232 1364 1292 τοὺς
1411 1230 1783 1300 προεντυγχά-

88 1336 287 1380 νοντας
348 1318 679 1387 τρεψάμενοι
745 1317 1100 1389 προσέκειντο
1163 1327 1277 1382 τοῑς
1341 1316 1783 1386 συλλεγομένοις.

9 1458 12 1459 .
88 1405 268 1473 <286>
326 1407 480 1475 δεινὴ
535 1404 596 1459 δὲ
649 1405 773 1477 περὶ
827 1408 923 1470 τὰς
977 1408 1222 1477 μηχανὰς
1272 1410 1566 1476 συμπίπτει
1621 1407 1783 1477 μάχη,

23 1513 66 1546 15
90 1502 200 1546 τῶν
246 1491 348 1563 μὲν
397 1494 816 1565 ὑποπιμπράναι
869 1505 980 1549 τῶν
1029 1493 1090 1549 δὲ
1143 1498 1379 1549 κωλύειν
1426 1494 1784 1565 βιαζομένων.

88 1585 301 1652 κραυγή
341 1603 397 1636 τε
436 1581 564 1654 παρ’
597 1583 927 1654 ἀμφοτέρων
968 1584 1280 1654 ἀσήμαντος
1319 1581 1410 1654 ἣν,
1457 1583 1548 1638 καὶ
1588 1582 1786 1637 πολλοὶ

89 1681 199 1725 τῶν
254 1672 784 1742 προαγωνιζομένων
839 1675 1081 1727 ἔπιπτον.
1172 1674 1353 1742 <287>
1409 1669 1673 1726 Ἰουδαῖοι
1728 1668 1781 1724 δ’

89 1761 381 1831 ὑπερεῖχον
429 1761 691 1833 ἀπονοίᾳ,
747 1760 839 1815 καὶ
894 1771 1005 1815 τῶν
1054 1764 1232 1833 ἔργων
1286 1763 1484 1830 ἥπτετο
1540 1764 1602 1815 τὸ
1656 1769 1787 1831 πῦρ,

89 1853 504 1920 καταφλεγῆναί
535 1848 587 1903 τ’
611 1849 681 1903 ἂν
714 1850 1073 1904 ἐκινδύνευσε
1105 1851 1284 1904 πάντα
1315 1851 1450 1920 μετὰ
1478 1858 1591 1904 τῶν
1624 1849 1788 1917 ὀργά-

10 1953 66 1989 ‘20
89 1958 224 2007 νων,
263 1940 315 1991 εί
351 1940 423 2007 μὴ
463 1948 576 1992 τῶν
616 1937 709 1992 ἀπ’
743 1937 1163 2010 Ἀλεξανδρείας
1191 1938 1499 1992 ’ἐπιλέκτων
1533 1937 1789 2005 ἀντέστη-

92 2042 196 2079 σαν
228 2028 287 2080 oc
320 2031 535 2096 πολλοί,
575 2028 723 2098 παρὰ
762 2030 863 2097 τὴν
898 2027 1171 2099 σφετέραν
1210 2029 1493 2097 ὑπόληψιν
1525 2025 1789 2095 ἀνδρισά-

18 2113 21 2115 ’
90 2134 248 2182 μενοι
281 2113 397 2186 (καὶ
429 2117 534 2187 γὰρ
559 2126 669 2170 τῶν
699 2116 1073 2187 ἐνδοξοτέρων
1099 2118 1396 2185 διήνεγκαν
1419 2116 1556 2169 κατὰ
1584 2116 1790 2183 ταύτην

90 2205 191 2271 τὴν
232 2203 461 2276 μάχην),
507 2204 666 2275 μέχρι
706 2209 924 2276 Καῖσαρ
964 2209 1096 2269 τοὺς
1142 2214 1253 2259 τῶν
1296 2204 1504 2258 ιππέων
1545 2205 1791 2257 δυνατω-

90 2292 288 2355 τάτους
327 2294 622 2362 ἀναλαβὼν
663 2294 921 2380 ἐμβάλλει
961 2303 1077 2357 τοῖς
1114 2297 1412 2363 πολεμίοις.
1475 2293 1660 2362 <288>
1698 2290 1792 2344 και

26 2396 69 2432 25
94 2381 309 2434 δώδεκα
349 2402 450 2450 μεν
489 2383 656 2446 αὐτὸς
693 2391 806 2435 τῶν
844 2383 1147 2454 προμάχων
1187 2383 1423 2451 ἀναιρεῖ,
1460 2383 1600 2451 πρὸς
1636 2378 1697 2434 δε
1729 2381 1790 2432 τὸ

90 2470 304 2523 τούτων
343 2471 525 2533 πάθος
573 2471 925 2539 ἐγκλίναντος
971 2479 1072 2525 τοῦ
1121 2476 1319 2525 λοιποῦ
1366 2473 1620 2539 πλήθους
1668 2466 1792 2522 ἑπό-

91 2576 256 2626 μενος
288 2561 620 2614 συνελαύνει
651 2560 861 2623 πάντας
892 2561 972 2623 εἰς
1001 2561 1104 2629 τὴν
1136 2563 1319 2628 πόλιν,
1352 2558 1456 2612 κάκ
1486 2567 1587 2612 τοῦ
1618 2559 1794 2627 πυρὸς

3 2710 6 2711 ⁷
92 2646 342 2711 διασώζει
387 2643 577 2718 τᾶργα.
656 2648 842 2717 <289>
882 2648 1090 2718 συνέβη
1132 2647 1180 2701 δ’
1216 2648 1275 2702 ἐν
1315 2648 1486 2717 ταύτῃ
1534 2654 1597 2716 τῇ
1648 2646 1793 2716 μάχῃ

91 2733 181 2787 καὶ
223 2738 583 2805 ζωγρηθῆναί
615 2757 742 2790 τινα
781 2746 894 2790 τῶν
928 2734 1237 2806 Ἰουδαίων,
1284 2736 1350 2790 ὃν
1391 2736 1420 2790 ὁ
1462 2738 1620 2797 Τίτος
1659 2734 1791 2787 ἀνα-

25 2841 69 2876 30
95 2833 406 2893 σταυρῶσαι
448 2827 556 2895 πρὸ
596 2833 697 2879 τοῦ
735 2829 950 2896 τείχους
991 2824 1295 2894 ἐκέλευσεν,
1336 2830 1392 2878 εἴ
1423 2845 1476 2877 τι
1515 2825 1652 2894 πρὸς
1690 2823 1794 2891 τὴν

94 2912 226 2975 ὄψιν
260 2912 476 2966 ἐνδοῖεν
510 2915 568 2967 οί
602 2913 788 2967 λοιποὶ
828 2914 1278 2983 καταπλαγέντες.
1343 2914 1525 2982 <290>
1565 2913 1699 2982 μετὰ
1733 2908 1794 2963 δὲ
