2032 3128
658 173 759 213 ΕΙΣ
790 173 1227 215 ΜΑΚΚΑΒΑῙΟΤΣ
1673 170 1782 224 293

105 304 386 374 τέσσαρες,
446 306 713 373 φρόνησις
763 306 1086 374 δικαιοσύνη
1140 305 1369 375 ἀνδρεία
1421 304 1511 359 καὶ
1566 322 1782 376 σωφρο-

106 395 266 461 σύνη·
313 393 618 462 κυριωτάτη
660 390 720 446 δὲ
758 403 950 447 πασῶν
987 394 1020 462 ἡ
1060 397 1330 464 φρόνησις
1368 394 1421 459 ἐξ
1462 391 1525 464 ἧς
1565 396 1633 464 δὴ
1672 404 1782 448 τῶν

103 487 302 534 παθῶν
341 481 370 535 ὁ
411 482 671 550 λογισμὸς
710 482 1000 552 ἐπικρατεῖ.
1067 488 1266 536 παθῶν
1306 481 1366 536 δὲ
1410 484 1604 553 φύσεις
1642 482 1783 537 εἰσὶν

105 590 162 622 αι
214 571 687 635 περιεκτικώταται
742 571 871 638 δύο,
925 571 1100 639 ἡδονή
1150 591 1207 624 τε
1254 570 1343 624 καὶ
1389 574 1577 634 πόνος·
1638 571 1784 640 <13>

60 658 317 714 ετούτων
364 655 426 710 δε
472 656 730 727 ἑκάτερον
775 657 866 712 καὶ
909 657 1035 729 περὶ
1081 661 1142 713 τὸ
1190 669 1344 729 σῶμα
1390 659 1480 713 καὶ
1521 658 1646 729 περὶ
1684 661 1828 727 τὴν

103 747 288 815 ψυχὴν
331 745 556 815 πέφυκε.
630 746 830 800 πολλαὶ
878 744 938 800 δὲ
983 745 1075 800 καὶ
1120 746 1244 816 περὶ
1291 749 1391 817 τὴν
1437 748 1647 816 ἡδονὴν
1695 735 1905 800 xaff

103 833 227 903 περὶ
280 835 378 887 τὸν
425 836 602 888 πόνον
647 840 846 888 παθῶν
899 837 1042 888 εἰσιν
1096 835 1440 890 ἀκολουθίαι.
1523 837 1628 905 πρὸ
1684 832 1789 904 μὲν

105 918 208 974 οὗν
251 930 345 991 τῆς
382 922 587 991 ἡδονῆς
625 922 775 976 ἐστιν
815 922 1111 992 ἐπιθυμία,
1157 925 1290 993 μετὰ
1330 921 1392 977 δὲ
1438 925 1538 992 τὴν
1577 923 1790 992 ἡδονὴν

103 1010 263 1079 χαρά·
324 1012 431 1080 πρὸ
487 1007 548 1063 δὲ
601 1020 700 1065 τοῦ
752 1015 929 1065 πόνου
979 1010 1093 1064 ἐστὶ
1142 1015 1345 1081 φόβος,
1399 1013 1531 1081 μετὰ
1578 1007 1639 1064 δὲ
1688 1012 1788 1063 τὸν

38 1125 81 1155 10
102 1101 280 1152 πόνον
333 1099 493 1166 λύπη.
585 1099 744 1169 <14>
798 1101 978 1168 θυμὸς
1032 1097 1093 1152 δὲ
1146 1102 1337 1154 κοινὸν
1397 1100 1577 1162 πάθος
1638 1097 1787 1152 ἐστὶν

104 1187 308 1254 ἡδονῆς
368 1207 425 1240 τε
486 1185 576 1240 καὶ
636 1189 840 1255 πόνου,
902 1187 998 1240 ἐὰν
1060 1187 1304 1258 ἐννοηθῇ
1364 1209 1445 1251 τις
1503 1189 1586 1241 ὅτι
1640 1187 1786 1257 αὐτῷ
1895 1244 1897 1253 ,
1987 1255 1991 1263 Ι

103 1274 434 1343 περιέπεσεν.
527 1275 588 1329 ἐν
641 1283 704 1346 τῇ
757 1275 931 1345 ἡδονῇ
988 1275 1053 1328 δέ
1110 1275 1223 1329 ἐστι
1276 1275 1366 1329 καὶ
1419 1276 1453 1344 ἡ
1506 1277 1788 1344 κακοήθης
1820 1265 1845 1346 γ’

106 1365 380 1432 διάθεσις,
434 1364 893 1433 πολυτροπωτάτη
947 1365 1172 1418 πάντων
1219 1361 1357 1418 οὖσα
1406 1374 1516 1418 τῶν
1569 1369 1845 1432 παθῶν,
1973 1366 2009 1381 ”

104 1453 239 1505 κατὰ
286 1449 388 1521 μὲν
425 1454 527 1521 τὴν
565 1454 750 1523 ψυχὴν
789 1452 1076 1518 ἀλαζονεία
1119 1457 1456 1523 φιλαργυρία
1496 1451 1788 1522 φιλοδοξία
1818 1455 1898 1519 qJ„

39 1564 82 1596 15
105 1544 387 1609 φιλονικία
424 1540 516 1594 καὶ
554 1544 842 1611 βασκανία,
879 1543 1015 1595 κατὰ
1055 1539 1116 1595 δὲ
1154 1544 1215 1596 τὸ
1249 1551 1404 1610 σῶμα
1439 1544 1789 1609 παντοφαγία

102 1631 400 1698 λαιμαργία
446 1633 775 1700 μονοφαγιά.
850 1630 997 1699 <15>
1037 1631 1288 1700 καθάπερ
1330 1626 1433 1683 οὖν
1481 1631 1641 1683 δυοῖν
1689 1637 1790 1682 τοῦ

103 1719 351 1786 σώματος
395 1717 487 1771 καὶ
534 1726 628 1788 τῆς
673 1726 851 1788 ψυχῆς
895 1728 1087 1787 φυτῶν
1127 1721 1305 1772 ὄντων
1350 1719 1556 1787 ἡδονῆς
1600 1737 1657 1771 τε
1699 1716 1791 1770 καὶ

101 1809 307 1875 πόνου,
360 1805 559 1860 πολλαὶ
605 1809 818 1861 τούτων
863 1816 976 1860 τῶν
1022 1817 1212 1876 φυτῶν
1257 1809 1364 1860 εἰσι
1418 1806 1791 1877 παραφυάδες,

103 1890 181 1946 ὧν
221 1893 455 1964 ἑκάστην
501 1895 530 1949 ὁ
574 1894 929 1964 παγγέωργος
975 1898 1236 1964 λογισμὸς
1280 1898 1694 1964 περικαθαίρων
1733 1913 1789 1947 τε

35 2007 79 2039 20
101 1981 193 2035 καὶ
224 1983 532 2048 ἀποκνίζων
570 1982 660 2037 καὶ
690 1982 1033 2051 περιπλέκων
1071 1982 1162 2036 καὶ
1195 1983 1450 2054 ἐπάρδων
1489 1982 1580 2037 καὶ
1610 1983 1792 2036 πάντα

103 2074 310 2139 τρόπον
357 2073 726 2142 μετοχετεύων
768 2070 1024 2141 ε’ξημεροῖ
1065 2073 1161 2135 τὰς
1205 2082 1316 2125 τῶν
1355 2073 1515 2141 ἠθῶν
1561 2070 1652 2124 καὶ
1690 2090 1790 2124 πα-

103 2166 226 2213 θῶν
272 2161 420 2223 ὕλας.
507 2160 665 2228 <16>
713 2159 742 2212 ὁ
798 2160 902 2230 γὰρ
943 2163 1207 2229 λογισμὸς
1261 2170 1371 2213 τῶν
1425 2157 1526 2229 μὲν
1581 2160 1792 2229 ἀρετῶν
1831 2190 1838 2226 3
1977 2165 2026 2176 “

105 2248 255 2301 ἐστιν
285 2248 523 2318 ἡγεμών,
555 2258 666 2302 τῶν
699 2245 761 2301 δὲ
790 2253 991 2302 παθῶν
1024 2249 1398 2319 αὐτοκράτωρ·
1438 2248 1792 2318 ἐπιθεωρεῖτε
1881 2230 1958 2270 Μ
1988 2236 2002 2256 ’

103 2339 297 2390 τοίνυν
343 2347 563 2406 πρῶτον
613 2337 706 2390 διὰ
754 2346 866 2390 τῶν
915 2341 1234 2390 κωλυτικῶν
1280 2344 1375 2405 τῆς
1426 2338 1794 2407 σωφροσύνης
1867 2333 1871 2343 ”

37 2449 79 2481 25
105 2427 282 2494 ἔργων
322 2425 406 2478 ὅτι
452 2423 853 2487 αὐτοδέσποτός
900 2423 1015 2478 ἐστι
1060 2434 1171 2478 τῶν
1209 2430 1409 2478 παθῶν
1448 2426 1477 2479 ὁ
1517 2427 1791 2493 λογισμός.

105 2514 250 2580 <17>
292 2514 629 2583 σωφροσύνη
671 2514 740 2581 δὴ
772 2515 965 2566 τοίνυν
1005 2511 1155 2566 ἐστὶν
1188 2511 1498 2583 ἐπικράτεια
1535 2522 1647 2566 τῶν
1680 2513 1792 2566 ε’πι-

105 2607 347 2670 θυμιῶν,
385 2611 496 2655 τῶν
537 2599 598 2654 δὲ
638 2601 949 2670 ἐπιθυμιῶν
988 2604 1049 2654 αἳ
1083 2599 1185 2669 μέν
1223 2603 1330 2654 εἰσι
1369 2600 1596 2671 ψυχικαὶ
1635 2604 1697 2654 αἳ
1731 2598 1793 2653 δὲ
1922 2615 2032 2659 m<

107 2694 436 2759 σωματικαί,
489 2689 581 2744 καὶ
627 2691 839 2743 τούτων
887 2688 1215 2760 ἀμφοτέρων
1262 2689 1573 2758 ἐπικρατεῖν
1624 2690 1653 2743 ὁ
1705 2694 1795 2742 λο-
1962 2728 1999 2742 x·

106 2781 300 2848 γἰσμὸς
359 2782 644 2848 φαίνεται,
710 2776 825 2832 ἐπεὶ
887 2780 1067 2832 πόθεν
1127 2780 1445 2848 κινούμενοι
1504 2779 1642 2847 πρὸς
1701 2779 1797 2841 τὰς

38 2890 82 2923 30
107 2866 472 2937 ἀπειρημένας
534 2867 741 2937 τροφὰς
803 2866 1262 2936 ἀποστρεφόμεθα
1323 2867 1418 2930 τὰς
1487 2866 1541 2931 ἐξ
1611 2867 1796 2920 αὐτῶν

46 3021 52 3026 ¹
104 2956 334 3024 ἡδονάς;
390 2956 491 3026 οὐχ
543 2956 625 3009 ὅτι
673 2965 783 3008 τῶν
839 2953 1073 3026 ὀρέξεων
1128 2956 1357 3009 δύναται
1406 2955 1718 3026 ἐπικρατεῖν
1765 2956 1798 3009 ὁ
