2032 3128
702 96 912 138 ΛοΓοΣ
944 98 1235 139 ΕΒΔοΜοΣ
1702 93 1808 144 133

127 226 494 294 Καισάρειαν,
542 228 618 290 εἰς
663 229 869 298 ταύτην
914 232 976 282 τό
1021 249 1077 282 τε
1125 234 1340 299 πλῆθος
1388 238 1498 282 τῶν
1546 229 1811 298 λαφύρων

126 312 388 381 ἀπέθετο,
443 313 534 367 καὶ
587 318 717 379 τοὺς
763 319 1140 387 αἰχμαλώτους
1187 316 1519 386 προσέταξεν
1567 315 1627 369 ἐν
1675 316 1812 384 αὐτῇ

125 401 526 469 φυλάττεσθαι·
566 404 665 456 τὸν
703 405 809 474 γὰρ
843 407 919 467 εἰς
950 405 1050 473 τὴν
1077 402 1313 458 Ἰταλίαν
1344 409 1523 459 πλοῦν
1548 404 1578 458 ὁ
1611 404 1813 472 χειμὼν

126 488 343 541 ἐκώλυε.

237 576 380 644 <21>
419 575 550 629 καθ’
595 577 661 629 ὃν
702 576 763 630 δὲ
811 581 1006 648 καιρὸν
1055 581 1212 641 Τίτος
1251 581 1466 648 Καῖσαρ
1506 586 1620 639 τοῖς
1650 575 1814 647 Ἵερο-
1848 579 1881 629 2

126 665 387 733 σολύμοις
424 669 737 733 πολιορκῶν
770 668 1166 735 προσήδρευεν,
1209 665 1269 719 ἐν
1300 666 1477 738 τούτῳ
1510 666 1648 727 νεὼς
1677 684 1815 734 φορ-

123 754 275 816 τίδος
314 749 699 815 ’ὃεσπασιανὸς
747 753 940 822 ἐπιβὰς
986 754 1092 807 ἀπὸ
1142 761 1236 822 τῆς
1279 749 1688 823 Ἀλεξανδρείας
1738 755 1817 815 εἰς

119 839 307 893 Ῥόδον
361 838 658 908 διέβαινεν·
723 841 867 910 <22>
907 841 1170 895 ἐντεῦθεν
1222 839 1282 894 δὲ
1333 840 1515 894 πλέων
1566 839 1653 893 ἐπὶ
1703 860 1817 910 τρι-

123 931 293 998 ήρων,
333 927 422 981 καὶ
461 929 639 991 πάσας
677 929 772 991 τὰς
812 929 873 981 ἐν
911 937 986 1000 τῷ
1024 930 1291 1001 παράπλῳ
1322 931 1508 991 πόλεις
1543 927 1816 996 ἐπελθών,

58 1038 99 1069 10
124 1016 386 1079 εὐκταίως
436 1016 606 1069 αὐτὸν
658 1015 981 1086 δεχομένας,
1036 1017 1141 1070 ἀπὸ
1188 1022 1293 1085 τῆς
1326 1015 1536 1079 Ἰωνίας
1587 1019 1666 1080 εἰς
1714 1018 1816 1085 τὴν

74 1095 76 1097 ’
115 1102 353 1157 Ἑλλάδα
384 1113 735 1174 περαιοῦται,
766 1104 1027 1158 κάκεῖθεν
1060 1105 1165 1158 ἀπὸ
1200 1106 1489 1175 Κερκύρας
1520 1103 1602 1157 ἐπ’
1639 1106 1817 1174 ἄκραν

117 1191 426 1261 Ἰαπυγίαν,
474 1192 611 1246 ὅθεν
660 1195 766 1262 ἤδη
814 1194 950 1246 κατὰ
997 1201 1102 1262 γῆν
1150 1193 1384 1247 ἐποιεῖτο
1431 1194 1533 1262 τὴν
1571 1196 1815 1262 πορείαν.

123 1281 267 1347 <23>
316 1283 474 1343 Τίτος
522 1276 570 1333 δ’
609 1280 716 1335 ἀπὸ
756 1288 850 1348 τῆς
899 1279 987 1334 ἐπὶ
1025 1282 1273 1351 θαλάττῃ
1313 1284 1648 1350 Καισαρείας
1687 1281 1817 1335 ἀνα-

125 1369 309 1433 ζεύξας
348 1371 426 1432 εἰς
465 1371 566 1438 τὴν
602 1374 883 1424 Φιλίππου
920 1369 1271 1439 καλουμένην
1306 1370 1645 1439 Καισάρειαν
1676 1371 1816 1438 ἥκει,

55 1479 98 1512 15
123 1461 332 1527 συχνόν
370 1456 416 1510 τ’
458 1460 518 1510 ἐν
559 1458 696 1528 αὐτῇ
737 1461 943 1528 χρόνον
984 1457 1233 1527 ἐπέμεινε
1273 1462 1538 1521 παντοίας
1575 1461 1818 1529 θεωρίας

122 1547 408 1600 ἐπιτελῶν·
465 1547 609 1614 <24>
650 1545 742 1600 καὶ
782 1545 979 1600 πολλοὶ
1018 1556 1129 1600 τῶν
1170 1548 1531 1616 αἰχμαλώτων
1570 1546 1818 1600 ἐνταῦθα

122 1636 534 1705 διεφθάρησαν,
589 1638 647 1688 οἳ
693 1632 794 1704 μὲν
844 1638 1068 1704 θηρίοις
1116 1634 1594 1704 παραβληθέντες,
1650 1639 1708 1689 οἳ
1756 1633 1818 1688 δὲ

119 1724 255 1777 κατὰ
302 1726 527 1792 πληθὺν
575 1723 834 1792 ἀλλήλοις
883 1723 1316 1793 ἀναγκαζόμενοι
1364 1725 1679 1794 χρήσασθαι
1719 1742 1817 1777 πο-

122 1815 343 1882 λεμίοις.
424 1812 568 1880 <25>
616 1812 861 1866 ἐνταῦθα
908 1811 1000 1865 καὶ
1046 1813 1149 1881 τὴν
1189 1815 1450 1879 Σίμωνος
1490 1821 1591 1866 τοῦ
1631 1813 1819 1882 Γιώρα

5 1930 11 1933 <
54 1923 98 1955 20
122 1901 398 1968 σύλληψιν
469 1900 737 1969 ἐπύθετο,
806 1910 1006 1954 τοῦτον
1067 1899 1375 1969 γενομένην
1436 1902 1533 1954 τὸν
1593 1903 1816 1971 τρόπον.

120 1990 263 2057 <26>
303 1992 500 2057 Σίμων
548 1985 710 2052 οὗτος
747 1988 1151 2060 Ἱεροσολύμων
1199 1987 1689 2058 πολιορκουμένων
1730 1988 1818 2042 ἐπὶ

120 2086 213 2146 τῆς
260 2079 374 2131 ἄνω
430 2080 640 2140 πόλεως
687 2079 792 2145 ὤν,
849 2076 964 2130 ἐπεὶ
1015 2086 1126 2130 τῶν
1176 2087 1372 2147 τειχῶν
1420 2077 1576 2140 ἐντὸς
1620 2077 1653 2145 ἡ
1694 2077 1817 2130 Ῥω-

120 2168 300 2235 μαίων
354 2167 580 2236 στρατιὰ
631 2165 901 2235 γενομένη
956 2174 1139 2219 πᾶσαν
1195 2165 1424 2235 ἐπόρθει
1479 2168 1581 2235 τὴν
1635 2169 1818 2234 πόλιν,

119 2257 239 2308 τότε
281 2264 392 2308 τῶν
432 2257 614 2324 φίλων
644 2257 774 2317 τοὺς
803 2255 1164 2317 πιστοτάτους
1194 2256 1548 2324 παραλαβών,
1586 2253 1679 2308 καὶ
1712 2257 1819 2308 σὺν

53 2366 96 2398 25
122 2344 310 2406 αὐτοῖς
350 2346 686 2411 λιθοτόμους
722 2363 779 2396 τε
819 2342 911 2396 καὶ
949 2345 1048 2397 τὸν
1086 2344 1224 2412 πρὸς
1262 2344 1364 2412 τὴν
1403 2342 1666 2413 ἐργασίαν
1703 2342 1818 2396 ἐπι-

120 2434 342 2500 τήδειον
381 2433 599 2494 τούτοις
639 2433 899 2501 σίδηρον,
939 2434 1152 2501 τροφήν
1188 2451 1245 2484 τε
1279 2433 1530 2499 διαρκεῖν
1569 2433 1648 2494 εἰς
1685 2437 1817 2486 πολ-

119 2522 218 2582 λὰς
263 2520 467 2590 ἡμέρας
514 2519 861 2589 δυναμένην,
910 2523 1016 2574 σὺν
1063 2520 1295 2583 ἐκείνοις
1342 2521 1511 2573 ἅπασι
1551 2524 1818 2587 καθίησιν

119 2607 317 2662 ἑαυτὸν
372 2614 451 2672 εἴς
503 2630 627 2662 τινα
679 2618 790 2662 τῶν
843 2608 1078 2678 ἀφανῶν
1129 2609 1447 2677 ὑπονόμων.
1526 2609 1687 2677 <27>
1725 2606 1818 2661 καὶ

118 2696 277 2768 μέχρι
331 2694 432 2766 μὲν
486 2694 556 2766 ἦν
610 2700 672 2751 τὸ
727 2700 966 2751 παλαιὸν
1017 2699 1263 2767 ὄρυγμα,
1316 2698 1685 2767 προυχώρουν
1737 2695 1809 2748 δι’

0 2778 6 2839 ᾗ
50 2809 94 2840 30
118 2786 318 2855 αὐτοῦ,
369 2793 464 2854 τῆς
503 2793 725 2854 στερεᾶς
766 2783 827 2839 δὲ
868 2792 968 2854 γῆς
1005 2786 1335 2854 ὑπαντώσης
1374 2786 1578 2854 ταύτην
1619 2785 1818 2839 ὑπενό-

118 2894 319 2943 μευον,
367 2873 549 2927 ἐλπίδι
595 2882 695 2928 τοῦ
742 2872 1072 2945 πορρωτέρω
1123 2875 1466 2942 δυνήσεσθαι
1505 2877 1818 2942 προελθόν-
