2032 3128
716 110 926 152 ΛΟΓΟΣ
958 109 1280 152 ΠΡοΤΕΡοΣ
1739 108 1846 160 221

163 247 292 307 στὰς
337 247 415 307 εἰς
459 244 852 313 τοῦμπροσθεν
897 242 1147 311 πέτηται,
1191 243 1477 313 προάγειν,
1524 242 1622 296 ἐὰν
1662 241 1724 296 δὲ
1771 245 1850 306 εἰς

161 334 483 401 τοῦπισθεν,
521 331 826 401 ἀναχωρεῖν
858 326 1041 399 αὖθις,
1073 334 1352 399 σιωπήσας
1382 330 1472 385 καὶ
1503 333 1851 401 παρελκύσας

161 425 221 475 τὸ
269 420 430 484 τόξον
470 423 657 489 ἔβαλε,
708 418 799 472 καὶ
845 421 943 473 τὸν
983 421 1188 490 ὄρνιθα
1234 419 1472 484 πατάξας
1519 420 1850 474 ἀπέκτεινεν.

161 510 343 578 <204>
383 508 843 576 ἀγανακτούντων
882 504 943 560 δὲ
981 515 1080 561 τοῦ
1127 508 1373 576 μάντεως
1410 512 1507 562 καί
1546 529 1716 562 τινων
1756 511 1850 562 ἄλ-

116 620 137 651 5
165 603 298 666 λων,
340 596 432 650 καὶ
470 596 874 666 καταρωμένων
915 596 1084 668 αὐτῷ,
1125 595 1208 649 ετί
1241 598 1535 665 μαίνεσθε’
1567 599 1692 667 ἔφη,
1732 597 1851 651 ςκα-

161 686 531 755 κοδαι’μονες’;
587 682 703 739 εἶτα
748 687 847 738 τὸν
894 687 1098 753 ὄρνιθα
1148 686 1334 753 λαβὼν
1381 688 1459 748 είς
1504 686 1603 748 τὰς
1648 696 1852 756 χεῖρας,

163 776 302 838 (πῶς
333 776 438 844 γὰρ
471 770 656 836 οὗτος’
683 775 789 842 ἔφη
823 773 950 841 (τὴν
979 773 1150 825 αὑτοῦ
1184 776 1459 842 σωτηρίαν
1484 773 1551 827 οὐ
1582 775 1851 841 προϊδών,

162 862 289 933 περὶ
328 871 423 931 τῆς
461 862 725 932 ἡμετέρας
763 865 989 931 πορειάς
1026 862 1159 931 ἡμῖν
1195 862 1265 914 ἄν
1302 882 1355 914 τι
1393 859 1545 928 ὑγιὲς
1583 860 1852 930 ἀπήγγελ-

160 957 277 1016 λεν;
320 953 372 1005 εἰ
408 952 511 1020 γὰρ
543 951 786 1019 ἠδύνατο
819 951 1260 1019 προγιγνώσκειν
1290 951 1350 1002 τὸ
1384 949 1607 1018 μέλλον,
1646 951 1723 1011 εἰς
1753 951 1851 1002 τὸν

92 1064 136 1095 10
159 1042 331 1093 τόπον
368 1047 568 1092 τοῦτον
608 1039 711 1091 οὐκ
750 1038 819 1091 ἂν
859 1034 1023 1107 ἦλθε,
1071 1039 1423 1107 φοβούμενος
1469 1041 1542 1108 μὴ
1589 1036 1853 1102 τοξεύσας

161 1129 331 1182 αὐτὸν
370 1128 664 1199 ἀποκτείνῃ
704 1130 1081 1195 Μοσόλλαμος
1120 1127 1148 1180 ὁ
1187 1125 1493 1190 Ἰουδαῖος.’

270 1218 452 1286 <205>
499 1216 637 1269 ἀλλά
691 1225 804 1269 τῶν
850 1212 951 1285 μὲν
999 1213 1287 1268 Ἑκαταίου
1341 1225 1658 1286 μαρτυριῶν
1706 1217 1850 1279 ἅλις·

156 1317 272 1369 τοῖς
309 1307 414 1375 γὰρ
455 1304 817 1375 βουλομένοις
855 1307 1025 1357 πλείω
1066 1310 1271 1373 μαθεῖν
1302 1312 1377 1377 τῷ
1417 1307 1615 1378 βιβλίῳ
1653 1303 1851 1377 ῥᾴδιόν

158 1395 309 1449 ἐστιν
351 1394 627 1464 ἐντυχεῖν”
676 1393 778 1447 οὐκ
823 1394 1040 1461 ὀκνήσω
1091 1391 1151 1446 δὲ
1197 1392 1287 1446 καὶ
1334 1395 1432 1447 τὸν
1470 1390 1552 1446 ἐπ’
1592 1393 1851 1462 εὐηθείας

91 1504 134 1538 15
157 1486 466 1553 διασυρμῷ,
504 1483 756 1552 καθάπερ
797 1482 960 1545 αὐτὸς
992 1487 1182 1549 οἴεται,
1222 1483 1443 1551 μνήμην
1475 1481 1849 1551 πεποιημένον

155 1573 313 1640 ἡμῶν
335 1570 751 1641 Ἀγαθαρχίδην
783 1571 1069 1639 ὀνομάσαι.
1131 1570 1314 1638 <206>
1348 1572 1713 1640 διηγούμενος
1744 1572 1848 1640 γὰρ

154 1662 221 1714 τὰ
259 1659 385 1730 περὶ
417 1663 819 1729 Στρατονίκην,
859 1659 925 1712 ὃν
961 1662 1167 1729 τρόπον
1206 1655 1346 1727 ἦλθε
1386 1657 1488 1728 μὲν
1520 1661 1598 1722 εἰς
1628 1662 1850 1729 Συρίαν

156 1749 216 1803 ἐκ
248 1751 625 1818 Μακεδονίας,
663 1752 1040 1802 καταλιποῦσα
1078 1750 1177 1801 τὸν
1210 1747 1408 1817 ἑαυτῆς
1446 1749 1624 1818 ἄνδρα
1656 1751 1850 1818 Δημή-

154 1858 328 1908 τριον,
367 1839 652 1891 Σελεύκου
685 1834 746 1891 δὲ
777 1847 975 1907 γαμεῖν
1007 1837 1180 1905 αὐτὴν
1214 1835 1281 1890 οὐ
1311 1839 1674 1906 θελήσαντος,
1714 1838 1848 1908 ὅπερ

7 1938 12 1941 “
90 1949 134 1981 20
157 1926 336 1995 ἐκείνη
384 1928 785 1995 προσεδόκησε,
831 1925 1193 1995 ποιουμένου·
1221 1923 1330 1996 [δὲ]
1378 1927 1479 1994 τὴν
1519 1925 1625 1979 ἀπὸ
1663 1929 1849 1995 Βαβυ-

157 2021 334 2078 λῶνος
366 2018 657 2083 στρατείαν
689 2013 879 2083 αὐτοῦ,
918 2015 985 2067 τὰ
1023 2013 1146 2084 περὶ
1185 2016 1286 2084 τὴν
1315 2013 1654 2084 Ἀντιόχειαν
1688 2014 1850 2068 ε’νεω-

156 2104 389 2174 τέρισεν,
430 2103 610 2173 <207>
641 2100 750 2157 εἷθ’
781 2103 854 2166 ὡς
884 2102 1218 2171 ἀνέστρεψεν
1252 2104 1281 2158 ὁ
1314 2105 1589 2173 βασιλεύς,
1629 2103 1849 2158 ἁλισκο-

157 2192 323 2262 μένης
361 2200 456 2262 τῆς
488 2190 819 2262 Ἀντιοχείας
856 2194 933 2255 εἰς
971 2193 1309 2246 Σελεύκειαν
1348 2201 1624 2262 φυγοῦσα,
1668 2196 1848 2262 παρὸν

157 2279 294 2351 αὐτῇ
349 2280 552 2352 ταχέως
599 2281 882 2348 ἀποπλεῖν,
940 2280 1181 2354 ε’νυπνίςο
1230 2282 1503 2335 κωλύοντι
1555 2288 1848 2335 πεισθεῖσα

89 2390 133 2424 25
158 2370 374 2440 ἐλήφθη
430 2369 521 2424 καὶ
569 2369 869 2438 ἀπέθανεν,
917 2402 987 2407 -—
1034 2370 1216 2439 <208>
1264 2379 1435 2424 ταῦτα
1488 2373 1770 2440 προειπὼν
1818 2371 1846 2425 ὁ

151 2456 576 2529 Ἀγαθαρχίδης,
615 2458 705 2512 καὶ
738 2458 1096 2512 ἐπισκώπτων
1126 2467 1191 2528 τῇ
1224 2463 1571 2530 Στρατονίκῃ
1603 2461 1705 2529 τὴν
1738 2462 1847 2513 δει-

158 2549 531 2616 σιδαιμονίαν,
570 2549 971 2617 παραδείγματι
1005 2555 1198 2617 χρῆται
1229 2555 1303 2620 τῷ
1335 2547 1461 2617 περὶ
1492 2547 1648 2617 ἡμῶν
1680 2551 1847 2622 λόγῳ,

156 2635 248 2689 καὶ
286 2635 567 2706 γέγραφεν
608 2637 796 2699 οὕτως.
874 2636 1056 2706 <2Ο9>
1095 2636 1182 2690 ὀί
1218 2638 1549 2706 καλούμενοι
1584 2635 1845 2691 Ἰουδαῖοι

134 2727 321 2778 ,πόλιν
361 2727 642 2788 οἰκοῦντες
689 2725 1042 2795 ὀχυρωτάτην
1087 2735 1299 2795 πασῶν,
1345 2725 1415 2794 ἣν
1454 2730 1643 2779 καλεῖν
1682 2725 1847 2796 Ἱερο-

90 2835 134 2867 30
159 2817 371 2883 σόλυμα
418 2818 709 2885 συμβαίνει
756 2817 886 2876 τοὺς
933 2813 1256 2885 ἐγχωρίους,
1303 2814 1494 2882 ἀργεῖν
1534 2814 1846 2884 εἰθισμένοι

159 2901 233 2955 δι’
264 2901 501 2973 ἑβδόμης
545 2902 774 2974 ἡμέρας,
827 2902 917 2957 καὶ
971 2906 1104 2973 μήτε
1150 2904 1216 2956 τὰ
1264 2903 1404 2957 ὅπλα
1450 2904 1738 2972 βαστάζειν
1786 2903 1846 2957 ἐν
