2032 3128
199 118 306 171 258
451 143 454 146 -
660 120 900 162 CONTRA
929 120 1200 161 APIONEM
1229 121 1342 162 ΠΒ.
1367 121 1425 162 11.

202 253 293 305 sed
330 253 460 305 haec
498 252 766 321 relinquo:
813 253 992 321 <102>
1030 253 1330 305 insensatos
1371 253 1514 304 enim
1559 270 1671 304 non
1707 252 1884 305 verbis

203 341 293 393 sed
333 340 585 409 operibus
626 341 774 393 decet
813 358 1049 410 arguere.
1109 341 1305 392 'sciunt
1341 341 1513 410 igitur
1554 358 1752 411 omneS,
1791 341 1886 410 qui

200 429 379 481 videre
404 429 856 481 constructionem
878 429 1066 498 templi
1095 429 1288 500 nostri,
1320 429 1493 497 qualis
1517 429 1695 500 fuerit,
1726 432 1779 481 et
1809 429 1887 481 in-

200 517 693 588 transgressibilem
721 517 834 586 ejus
864 516 1255 584 purificationis
1285 516 1665 586 integritatem.
1706 517 1887 586 <103>

202 609 459 675 quattuor
499 605 640 657 enim
681 605 921 673 porticus
965 604 1158 657 habuit
1203 605 1262 656 in
1300 605 1552 676 circuitu,
1599 608 1652 657 et
1696 605 1889 656 harum
1936 627 1958 659 5

203 695 447 764 singulae
477 694 752 763 propriam
784 693 1073 745 secundum
1103 693 1277 763 legem
1309 693 1545 745 habuere
1576 693 1889 745 custodiam.

201 784 257 835 in
282 782 600 835 exteriorem
630 782 813 850 itaque
837 781 1045 851 ingredi
1076 781 1294 834 licentia
1322 782 1427 833 fuit
1453 781 1702 834 omnibus
1727 781 1891 833 etiam
1946 802 1948 804 ·

203 871 537 941 alienigenis:
578 857 829 923 mulieres
861 870 1234 923 tantummodo
1267 873 1629 923 menstruatae
1661 869 1891 922 transire

202 960 641 1029 prohibebantur.
734 959 914 1027 <104>
977 960 1035 1011 in
1099 959 1382 1011 secundam
1434 977 1560 1011 vero
1623 958 1892 1027 porticum

204 1048 382 1100 cuncti
413 1048 448 1100 J
450 1047 605 1099 udaei
636 1047 1090 1118 ingrediebantur,
1121 1065 1411 1116 eorumque
1442 1047 1693 1116 conjuges
1727 1065 1893 1115 quum
1916 1069 1960 1101 ιο

205 1139 383 1190 essent
415 1136 481 1188 ab
516 1136 663 1188 omni
700 1135 1001 1204 pollutione
1031 1135 1273 1188 mundae.
1335 1135 1391 1187 in
1423 1135 1638 1187 tertiam
1668 1133 1893 1187 masculi
1956 1199 1958 1201 .

204 1227 530 1279 Judaeorum
561 1224 747 1276 mundi
780 1224 1096 1276 exsistentes
1130 1227 1290 1293 atque
1321 1224 1604 1293 purificati.
1651 1224 1710 1276 in
1741 1241 1893 1292 quar-

203 1319 317 1367 tam
355 1317 536 1367 autem
576 1312 892 1384 sacerdoteS,
930 1313 1084 1365 stolis
1123 1313 1301 1364 induti
1341 1312 1775 1365 sacerdotalibus,
1837 1312 1896 1363 in

205 1403 425 1471 adytum
462 1419 587 1454 vero
630 1401 732 1454 soli
777 1401 1046 1470 principes
1089 1401 1449 1471 sacerdotum,
1495 1401 1715 1470 propria
1753 1399 1896 1453 stola

204 1490 601 1543 circumamicti.
678 1489 860 1559 <105>
900 1493 1054 1542 tanta
1091 1508 1217 1542 vero
1258 1493 1340 1542 est
1379 1490 1518 1542 circa
1558 1489 1737 1542 omnia
1774 1506 1894 1557 pro·
1920 1509 1963 1549 15

204 1579 442 1632 videntia
487 1579 707 1648 pietatis
754 1582 816 1631 ut
863 1579 1153 1631 secundum
1200 1579 1458 1648 quasdam
1511 1578 1671 1630 horas
1729 1595 1895 1630 sacer-

206 1669 356 1721 dotes
411 1667 620 1738 ingredi
674 1667 1031 1720 constitutum
1085 1667 1169 1720 sit.
1247 1686 1402 1720 mane
1457 1667 1654 1719 etenim
1710 1669 1895 1735 aperto

205 1757 405 1826 templo
440 1756 724 1825 oportebat
762 1755 1016 1808 facientes
1053 1756 1280 1809 traditas
1319 1755 1526 1808 hostias
1565 1755 1806 1826 introire,
1844 1757 1898 1806 et

206 1845 423 1898 meridie
454 1863 659 1916 rurSUS,
690 1845 818 1897 dum
849 1845 1183 1897 clauderetur
1215 1845 1488 1914 templum.
1543 1843 1724 1912 <106>
1756 1843 1897 1895 deni-

209 1952 311 2003 que
347 1953 414 1986 ne
452 1953 546 1986 vas
588 1934 800 2003 quidem
841 1933 1059 2002 aliquod
1103 1934 1309 2003 portari
1354 1933 1480 1986 licet
1526 1933 1585 1984 in
1623 1931 1900 2003 templum,
1924 1954 1967 1986 20

211 2023 302 2075 sed
341 2026 492 2075 erant
531 2023 589 2075 in
620 2041 681 2075 eo
715 2022 1051 2075 solummodo
1083 2023 1263 2091 posita
1302 2022 1469 2074 altare
1507 2039 1691 2074 mensa
1729 2020 1899 2072 thuri-

208 2111 396 2164 bulum
450 2111 848 2183 candelabrum,
903 2130 1037 2180 quae
1085 2112 1263 2163 omnia
1316 2111 1374 2163 in
1426 2111 1544 2180 lege
1598 2109 1899 2177 conscripta
1996 2099 2007 2103 ’1

211 2204 349 2253 sunt.
418 2200 598 2268 <107>
641 2200 838 2252 etenim
875 2199 1016 2252 nihil
1054 2200 1284 2269 amplius
1314 2217 1487 2269 neque
1517 2198 1900 2268 mysteriorum

209 2289 513 2358 aliquorum
563 2288 917 2341 ineffabilium
964 2289 1159 2359 agitur,
1207 2307 1380 2358 neque
1426 2289 1573 2340 intus
1620 2287 1731 2340 ulla
1778 2305 1900 2355 epu-

208 2377 341 2430 latio
389 2378 809 2430 administratur.
886 2377 1016 2429 haec
1062 2377 1205 2429 enim
1251 2395 1386 2446 quae
1431 2376 1702 2446 praedicta
1757 2378 1900 2446 sunt,
1924 2394 1968 2427 25

208 2465 410 2518 habent
455 2466 626 2519 totius
684 2465 871 2534 populi
918 2466 1290 2518 testimonium
1343 2464 1690 2517 manifestum
1739 2463 1899 2516 ratio-
1986 2481 1989 2484 ²

208 2573 437 2624 nemque
476 2557 765 2625 gestorum.
830 2555 1007 2622 <108>
1047 2554 1173 2607 licet
1209 2553 1349 2606 enim
1390 2554 1499 2606 sint
1536 2552 1713 2604 tribus
1751 2555 1901 2620 quat-

210 2647 335 2695 tuor
377 2643 734 2713 sacerdotum,
774 2646 827 2694 et
864 2642 1056 2695 harum
1095 2642 1337 2695 tribuum
1385 2642 1628 2712 singulae
1666 2641 1902 2694 habeant

209 2731 489 2784 hominum
529 2731 651 2800 plus
693 2750 852 2800 quam
893 2731 1128 2800 quinque
1166 2731 1338 2802 milia,
1384 2731 1447 2783 fit
1494 2734 1675 2783 tamen
1723 2730 1900 2783 obser-

209 2820 355 2873 vatio
396 2820 793 2889 particulariter
839 2839 935 2888 per
981 2820 1092 2873 dies
1141 2823 1336 2890 certos3
1384 2823 1437 2872 et
1482 2819 1568 2871 his
1617 2818 1901 2871 transactis
1925 2838 1969 2870 30

210 2908 304 2960 alii
345 2909 683 2961 succedentes
725 2909 790 2960 ad
831 2909 1087 2962 sacrificia
1126 2909 1364 2980 veniunt,
1403 2912 1455 2960 et
1495 2907 1807 2978 congregati
1844 2906 1902 2958 in
