2032 3128
198 116 308 168 230
804 119 960 160 ΚΑΤΑ
990 118 1267 160 ΑΠῙΩΝΟΣ

197 253 437 303 ποταποί
462 249 608 313 τινές
639 252 746 303 εἰσι
781 249 870 303 καὶ
903 254 1026 304 τίνα
1057 253 1263 320 τρόπον
1294 251 1495 313 αὐτοὺς
1525 247 1698 304 εἶδεν·
1740 251 1877 304 ὥστε

197 346 387 406 καινῆς
425 338 573 410 αὐτῷ
615 338 806 409 τέχνης
844 339 944 393 οὐκ
983 341 1108 392 ἔδει.
1185 338 1368 407 <256>
1413 339 1552 391 ἀλλὰ
1591 340 1763 408 σοφὸς
1807 335 1878 407 ἦν

196 426 224 479 ὁ
272 427 464 495 μάντις
510 425 585 479 δι’
621 423 688 480 οὗ
734 435 895 481 τοῦτο
942 429 1319 495 κατορθώσειν
1366 429 1394 480 ὁ
1441 429 1700 496 βασιλεὺς
1747 427 1878 480 ὑπε-

195 515 453 583 λάμβανε.
530 513 620 568 καὶ
673 525 787 578 πῶς
841 515 908 569 οὐ
962 516 1210 585 προέγνω
1266 516 1327 568 τὸ
1383 513 1660 568 ἀδύνατον
1706 514 1878 568 αὐτοῦ

194 610 288 671 τῆς
318 602 641 672 ἐπιθυμίας;
681 603 748 656 οὐ
787 604 892 673 γὰρ
925 602 1114 673 ἀπέβη.
1176 606 1300 656 τίνα
1337 599 1398 655 δὲ
1435 600 1526 655 καὶ
1567 606 1736 670 λόγον
1769 599 1877 673 εἶχε
1926 624 1946 657 5

195 691 287 743 διὰ
317 693 446 754 τοὺς
483 691 1035 762 ἠκρωτηριασμένους
1065 691 1099 761 ἢ
1132 696 1447 761 λεπρῶντας
1477 689 1706 760 ἀφανεῖς
1737 688 1880 744 εἶναι

195 782 323 842 τοὺς
359 781 557 846 θεούς;
606 780 915 850 ὀργίζονται
953 781 1057 850 γὰρ
1097 778 1187 833 ἐπὶ
1224 789 1338 842 τοῖς
1377 778 1736 848 ἀσεβήμασιν,
1780 778 1881 832 οὐκ

196 866 283 920 ἐπὶ
332 878 447 931 τοῖς
493 858 833 938 ἐλαττώμασι
877 878 988 922 τῶν
1036 869 1321 938 σωμάτων.
1397 866 1581 936 <257>
1628 867 1769 920 ὀκτὼ
1818 864 1880 929 δὲ

195 957 467 1025 μυριάδας
522 967 633 1011 τῶν
686 962 904 1027 λεπρῶν
959 955 1049 1010 καὶ
1110 966 1289 1019 κακῶς
1352 954 1714 1024 διακειμένων
1766 965 1881 1018 πῶς

195 1036 376 1097 οἷόντε
422 1053 519 1116 μιᾷ
568 1047 766 1116 σχεδὸν
805 1045 981 1117 ἡμέρᾳ
1028 1049 1388 1114 συλλεγῆναι;
1439 1054 1553 1106 πῶς
1599 1041 1660 1096 δὲ
1707 1045 1879 1112 παρή·
1908 1067 1948 1098 ιο

193 1147 359 1186 κουσε
398 1142 498 1186 τοῦ
538 1134 783 1202 μάντεως
822 1134 851 1188 ὁ
891 1134 1176 1202 βασιλεύς;
1217 1133 1245 1186 ὁ
1287 1130 1388 1201 μὲν
1422 1133 1527 1203 γὰρ
1568 1132 1738 1185 αὐτὸν
1769 1130 1880 1185 ἐκέ-

194 1225 390 1274 λευσεν
429 1221 670 1291 ἐξορίσαι
717 1229 813 1290 τῆς
850 1222 1139 1290 Αἰγύπτου
1184 1224 1314 1284 τοὺς
1360 1219 1802 1289 λελωβημένους,
1850 1220 1879 1273 ὃ

195 1307 242 1361 δ’
287 1309 490 1373 αὐτοὺς
542 1311 622 1372 εἰς
673 1311 769 1374 τὰς
822 1313 1146 1378 λιθοτομίας
1200 1308 1480 1378 ἐνέβαλεν,
1533 1309 1714 1379 ὥσπερ
1769 1318 1880 1362 τῶν

196 1397 574 1467 ἐργαζομένων
615 1399 899 1467 δεόμενος,
947 1396 1068 1452 ἀλλ’
1104 1397 1228 1468 οὐχὶ
1274 1403 1517 1469 καθῆραι
1555 1398 1656 1466 τὴν
1695 1398 1880 1468 χώραν

190 1488 643 1557 προαιρούμενος.
721 1487 903 1556 <258>
943 1486 1081 1557 φησὶ
1122 1485 1183 1541 δὲ
1218 1489 1316 1541 τὸν
1346 1484 1448 1557 μὲν
1479 1487 1677 1556 μάντιν
1708 1485 1879 1539 αὑτὸν
1904 1507 1947 1541 15
2017 1512 2020 1514 ·

193 1574 438 1643 ἀνελεῖν,
493 1576 594 1644 τὴν
641 1576 814 1645 ὀργὴν
860 1586 972 1629 τῶν
1017 1582 1169 1629 θεῶν
1222 1577 1616 1646 προορώμενον
1670 1572 1761 1627 καὶ
1814 1575 1880 1627 τὰ

193 1666 584 1733 συμβησόμενα
628 1663 754 1734 περὶ
801 1666 901 1734 τὴν
940 1670 1246 1734 Αἴγυπτον,
1292 1673 1366 1736 τῷ
1416 1661 1478 1717 δὲ
1524 1667 1745 1732 βασιλεῖ
1793 1682 1881 1730 γε-

191 1751 512 1822 γραμμένην
550 1754 653 1822 τὴν
690 1756 1000 1824 πρόρρησιν
1047 1758 1380 1807 καταλιπεῖν.
1457 1749 1573 1806 εἶτα
1619 1761 1740 1814 πῶς
1780 1751 1881 1804 οὐκ

193 1839 247 1905 ἐξ
293 1839 464 1911 ἀρχῆς
510 1842 540 1896 ὁ
587 1842 781 1910 μάντις
825 1844 924 1896 τὸν
968 1843 1140 1896 αὑτοῦ
1185 1843 1434 1895 θάνατον
1480 1842 1879 1911 προηπίστατο;

190 1928 373 1997 (259)
417 1939 532 1993 πῶς
580 1928 631 1983 δ’
668 1931 772 1985 οὐκ
821 1931 995 1994 εὐθὺς
1041 1930 1259 1984 ἀντεῖπε
1298 1937 1373 2003 τῷ
1421 1934 1641 1999 βασιλεῖ
1683 1932 1880 1998 βουλο-
1904 1953 1948 1984 20

191 2015 338 2089 μένω
377 2020 508 2081 τοὺς
553 2021 724 2082 θεοὺς
771 2020 937 2084 ἰδεῖν;
985 2028 1100 2082 πῶς
1139 2017 1189 2072 δ’
1219 2020 1450 2087 εὔλογος
1488 2018 1517 2071 ὁ
1557 2020 1733 2088 φόβος
1769 2026 1881 2070 τῶν

176 2107 264 2174 ’μὴ
327 2104 457 2175 παρ’
505 2107 675 2161 αὐτὸν
729 2107 1168 2177 συμβησομένων
1222 2117 1427 2171 κακῶν;
1492 2106 1526 2175 ἢ
1580 2111 1639 2160 τί
1694 2116 1881 2177 χεῖρον

191 2195 304 2247 ἔδει
358 2200 587 2264 παθεῖν,
644 2193 711 2250 οὗ
768 2198 909 2267 δρᾶν
964 2195 1162 2251 ἑαυτὸν
1218 2198 1511 2260 ἔσπευδεν;
1578 2197 1639 2249 τὸ
1695 2191 1757 2248 δὲ
1812 2196 1879 2263 δὴ

191 2284 417 2337 πάντων
464 2284 837 2354 εὐηθέστατον
884 2287 1105 2355 ἴδωμεν.
1181 2286 1362 2354 (260)
1407 2287 1726 2353 πυθόμενος
1775 2285 1879 2352 γὰρ

190 2378 379 2440 ταῦτα,
418 2370 509 2424 καὶ
547 2371 672 2442 περὶ
710 2381 822 2426 τῶν
862 2377 1178 2443 μελλόντων
1218 2376 1508 2443 φοβηθείς,
1548 2375 1676 2435 τοὺς
1715 2377 1880 2426 λελω-
1904 2394 1947 2426 25

191 2459 467 2529 βημένους
529 2460 798 2531 ἐκείνους,
868 2457 947 2515 ὧν
1008 2462 1153 2534 αὐτῷ
1219 2465 1520 2532 καθαρίσαι
1588 2463 1880 2530 προείρητο

189 2550 294 2618 τὴν
339 2554 644 2618 Αἴγυπτον,
699 2547 831 2603 οὐδὲ
877 2553 997 2604 τότε
1043 2558 1138 2620 τῆς
1190 2552 1368 2621 χώρας
1414 2549 1695 2617 ἐξήλασεν,
1742 2549 1880 2602 ἀλλὰ

193 2638 481 2706 δεηθεῖσιν
527 2638 715 2701 αὐτοῖς
762 2639 931 2692 ἔδωκε
983 2642 1167 2707 πόλιν,
1221 2640 1294 2702 ὥς
1346 2652 1510 2708 φησι,
1564 2638 1669 2706 τὴν
1712 2637 1880 2689 πάλαι

193 2723 295 2794 μὲν
326 2728 651 2794 οἰκηθεῖσαν
690 2726 797 2780 ὑπὸ
837 2736 948 2780 τῶν
986 2726 1284 2797 ποιμένων,
1323 2727 1542 2795 Αὔαριν
1583 2724 1643 2778 δὲ
1683 2731 1880 2779 καλου-

191 2813 378 2884 μένην.
455 2816 634 2882 <261>
680 2817 760 2878 εἰς
812 2815 883 2884 ἣν
929 2815 1337 2886 ἀθροισθέντας
1382 2815 1583 2878 αὐτοὺς
1636 2815 1880 2884 ἡγεμόνα
1904 2836 1947 2868 30

188 2901 365 2971 φησὶν
390 2903 675 2967 ἐξελέσθαι
706 2912 817 2958 τῶν
850 2903 903 2968 ἐξ
932 2902 1340 2967 “Ηλιουπόλεως
1369 2904 1538 2957 πάλαι
1570 2906 1880 2972 γεγονότων
