2032 3128
694 136 905 178 ΛΟΓΟΣ
936 137 1257 178 ΠΡΟΤΕΡΟΣ
1715 134 1822 187 201

138 267 330 331 ’Ἀσσις
377 268 537 322 ἐννέα
590 268 681 321 καὶ
726 270 1132 338 τεσσαράκοντα
1182 268 1273 322 καὶ
1321 277 1495 338 μῆνας
1543 271 1660 322 δύο.
1736 269 1827 322 καὶ

141 353 294 410 οὗτοι
341 354 441 425 μὲν
480 356 534 420 ἓξ
578 357 637 410 ἐν
678 357 864 420 αὐτοῖς
909 356 1255 426 ἐγενήθησαν
1294 368 1500 426 πρῶτοι
1548 360 1827 429 ἄρχοντες,

138 451 448 508 ποθοῦντες
494 444 578 498 ἀεὶ
624 445 715 498 καὶ
762 451 973 515 μᾶλλον
1019 453 1113 515 τῆς
1159 447 1447 514 Αἰγύπτου
1496 446 1682 515 ἐξᾶραι
1728 447 1829 514 τὴν
1883 444 1886 446 ’

140 534 308 601 ῥίζαν.
397 533 540 601 <82>
598 533 840 588 ἐκαλεῖτο
904 531 964 587 δὲ
1025 536 1087 588 τὸ
1149 536 1371 603 σύμπαν
1427 535 1608 587 αὐτῶν
1662 537 1830 597 ἔθνος

92 645 113 678 5
139 619 382 690 ‘'Patmos-9
429 631 591 676 τοῦτο
634 622 701 676 δέ
744 623 856 676 ἐστι
902 626 1146 692 βασιλεῖς
1190 622 1470 692 ποιμένες·
1515 625 1576 676 τὸ
1617 624 1722 692 γὰρ
1762 623 1832 676 {jx

140 707 269 762 καθ’
303 711 458 780 ἱερὰν
490 715 747 779 γλῶσσαν
779 710 1007 780 βασιλέα
1048 714 1323 780 σημαίνει,
1362 713 1423 765 τὸ
1465 708 1526 764 δὲ
1565 712 1674 774 σώς
1712 730 1832 764 ποι-

144 801 254 866 μήν
287 798 399 852 ε’στι
439 798 530 852 καὶ
569 797 825 868 ποιμένες
863 801 999 852 κατὰ
1036 801 1138 868 τὴν
1169 802 1365 868 κοινὴν
1397 800 1703 866 διάλεκτον,
1741 798 1832 852 καὶ

141 886 285 940 οὕτω
327 887 729 956 συντιθέμενον
760 891 970 955 γίνεται
1001 886 1237 950 ‘'Tuan-⁸29.
1299 885 1445 950 τινες
1478 885 1539 940 δὲ
1571 886 1832 955 λέγουσιν

140 974 341 1038 αὐτοὺς
380 975 623 1045 ’Ἀραβας
668 973 849 1030 εἶναί,
925 976 1070 1045 <83>
1118 975 1178 1029 ἐν
1225 974 1274 1029 δ’
1314 978 1461 1050 ἄλλω
1510 976 1831 1046 ἀντιγράφω

74 1087 116 1119 10
139 1062 208 1116 οὐ
243 1067 491 1132 βασιλεῖς
522 1068 893 1133 σημαίνεσθαι
934 1066 1026 1117 διὰ
1063 1072 1159 1133 τῆς
1196 1073 1297 1118 τοῦ
1335 1065 1406 1118 &x
1443 1067 1833 1134 προσηγορίας,

139 1153 278 1206 ἀλλὰ
317 1152 647 1205 τούναντίον
679 1154 1058 1223 αἰχμαλώτους
1090 1155 1404 1222 δηλοῦσθαι
1442 1153 1729 1222 ποιμένας·
1769 1155 1831 1205 τὸ

140 1242 245 1310 γὰρ
277 1240 347 1293 ὕκ
378 1241 547 1294 πάλιν
573 1239 885 1308 αἰγυπτιστὶ
916 1240 1007 1294 καὶ
1038 1243 1100 1295 τὸ
1134 1243 1203 1294 ἄκ
1231 1243 1616 1310 δασυνόμενον
1642 1243 1834 1310 αἰχμα-

140 1331 349 1392 λώτους
389 1329 566 1399 ῥητῶς
612 1331 862 1399 μηνύειν.
937 1328 1028 1383 καὶ
1071 1338 1235 1384 τοῦτο
1275 1334 1487 1399 μᾶλλον
1525 1331 1834 1383 πιθανώτε-

140 1421 241 1486 ρόν
304 1439 398 1487 μοι
462 1421 716 1487 φαίνεται
786 1417 876 1471 καὶ
945 1423 1179 1481 παλαιᾶς
1250 1419 1492 1488 ἱστορίας
1553 1418 1834 1488 ἐχόμενον.

0 1532 3 1533 ’
72 1529 115 1562 15
141 1507 288 1576 <84>
332 1508 562 1569 τούτους
610 1504 671 1560 δὲ
718 1510 847 1569 τοὺς
892 1507 1532 1576 προκατωνομασμένους
1578 1501 1836 1577 βασιλέας

139 1594 232 1648 καὶ
271 1598 403 1658 τοὺς
434 1605 544 1648 τῶν
576 1594 858 1664 ποιμένων
889 1594 1248 1665 καλουμένων
1280 1594 1371 1649 καὶ
1402 1598 1532 1659 τοὺς
1563 1596 1617 1659 ἐξ
1651 1596 1834 1664 αὐτῶν

86 1682 97 1692 “
138 1683 476 1753 γενομένους
529 1692 797 1753 κρατῆσαι
851 1693 946 1753 τῆς
991 1686 1280 1752 Αἰγύπτου
1335 1683 1507 1754 φησὶν
1553 1687 1644 1752 ἔτη
1698 1686 1836 1754 πρὸς

139 1783 256 1836 τοῖς
308 1777 690 1836 πεντακοσίοις
741 1773 953 1826 ἕνδεκα.
1029 1773 1173 1842 (85)
1220 1774 1353 1843 μετὰ
1400 1781 1570 1826 ταῦτα
1618 1771 1679 1827 δὲ
1725 1783 1836 1827 τῶν

139 1861 200 1916 ἐκ
245 1870 340 1930 τῆς
390 1864 669 1931 Θηβαΐδος
721 1860 814 1915 καὶ
867 1869 964 1930 τῆς
1010 1864 1178 1931 ἄλλης
1224 1863 1513 1930 Αἰγύπτου
1561 1861 1837 1930 βασιλέων

74 1974 117 2005 20
140 1950 405 2020 γενέσθαι
451 1949 624 2020 φησὶν
672 1949 760 2004 ε’πὶ
808 1954 938 2014 τοὺς
986 1951 1253 2020 ποιμένας
1300 1951 1690 2020 ἐπαναστασιν,
1743 1949 1835 2004 καὶ

140 2043 385 2109 πόλεμον
432 2041 621 2102 αὐτοῖς
675 2047 1020 2110 συρραγῆναι
1074 2039 1247 2109 μέγαν
1301 2038 1392 2093 καὶ
1446 2043 1836 2110 πολυχρόνιον.

140 2129 284 2197 <86>
332 2130 420 2182 ε’πι
467 2126 528 2181 δε
575 2128 844 2197 βασιλέως
891 2123 933 2200 95
987 2130 1162 2197 ὄνομα
1213 2125 1356 2182 εἶναι
1394 2127 1837 2198 Ἀλισφραγμού-

140 2223 342 2286 θωσις,
398 2216 745 2286 ἡττωμένους
794 2216 931 2287 φησὶ
977 2219 1109 2280 τοὺς
1160 2216 1426 2287 ποιμένας
1480 2217 1539 2270 ἐκ
1593 2237 1694 2286 μεν
1742 2226 1838 2286 τῆς

142 2307 311 2375 ἄλλης
352 2307 632 2374 Αἰγύπτου
664 2306 843 2374 πάσης
874 2305 1142 2374 ἐκπεσεῖν,
1180 2311 1646 2375 κατακλεισθῆναι
1687 2305 1735 2359 δ’
1761 2309 1838 2369 εἰς

75 2417 118 2448 25
141 2397 313 2448 τόπον
347 2393 604 2464 ἄρουρῶν
631 2396 825 2464 ἔχοντα
857 2398 1073 2464 μυρίων
1097 2396 1198 2463 τὴν
1225 2398 1581 2465 περίμετρον·
1614 2403 1666 2448 Α
1676 2396 1837 2465 ὔαριν

143 2484 319 2552 ὄνομα
381 2490 456 2555 τῷ
518 2486 684 2555 τόπῳ.
769 2483 913 2552 <87>
974 2485 1174 2537 τοῦτόν
1235 2497 1409 2553 φησιν
1464 2484 1492 2538 ὁ
1547 2485 1839 2538 Μανεθὼν

143 2573 358 2625 ἅπαντα
396 2575 562 2642 τείχει
601 2591 656 2625 τε
703 2573 922 2645 μεγάλῳ
963 2571 1055 2625 καὶ
1095 2574 1302 2645 ἰσχυρῷ
1350 2576 1672 2642 περιβαλεῖν
1711 2575 1840 2636 τοὺς

141 2660 427 2731 ποιμένας,
459 2661 606 2723 ὅπως
637 2663 739 2729 τήν
772 2681 828 2714 τε
859 2668 1053 2729 κτῆσιν
1086 2662 1305 2715 ἅπασαν
1338 2664 1537 2731 ἔχωσιν
1567 2660 1626 2714 έν
1656 2661 1839 2734 ὀχυρῷ

134 2748 236 2803 καὶ
267 2751 368 2819 τὴν
401 2754 556 2804 λείαν
587 2752 689 2819 τὴν
722 2748 949 2803 ἑαυτῶν.
1013 2752 1157 2819 <88>
1188 2752 1286 2804 τὸν
1312 2748 1373 2804 δὲ
1400 2748 1840 2820 Ἀλισφραγμου-

77 2859 121 2891 30
144 2838 373 2902 θωσέως
419 2840 546 2893 υἱὸν
585 2841 924 2908 Θούμμωσιν
964 2838 1303 2909 ἐπιχειρῆσαι
1350 2837 1452 2909 μὲν
1499 2839 1702 2901 αὐτοὺς
1749 2840 1841 2892 διὰ

0 2919 7 2936 ²
143 2931 466 2997 πολιορκίας
506 2926 652 2981 ε”λεῖν
691 2928 827 2981 κατὰ
866 2927 1082 2998 κράτος,
1123 2928 1263 2981 ὀκτὼ
1303 2926 1395 2981 καὶ
1433 2928 1841 2999 τεσσαράκοντα
