2032 3128
55 730 108 768 31

147 139 254 192 278
754 144 914 184 ΚΑΤΑ
945 142 1225 184 ΑΠῙΩΝΟΣ

147 277 337 342 λαβεῖν
377 274 435 328 ἐκ
480 284 825 346 περιτροπῆς.
902 276 1084 343 (219)
1126 277 1342 329 ὤκνουν
1383 274 1431 329 δ’
1463 276 1534 329 ἂν
1573 276 1678 344 ἐγὼ
1722 285 1830 330 νῦν

145 370 314 414 ταῦτα
359 363 612 433 γράφειν,
659 366 711 417 εἰ
754 365 827 433 μὴ
876 365 967 416 διὰ
1006 373 1117 417 τῶν
1156 366 1335 432 ἔργων
1374 366 1578 419 ἅπασιν
1615 361 1685 434 ἥν
1725 386 1828 434 φα-

144 452 309 518 νερὸν
341 451 424 504 ὅτι
455 454 650 505 πολλοὶ
688 452 778 506 καὶ
818 453 1081 515 πολλάκις
1110 453 1216 521 ἤδη
1249 460 1361 505 τῶν
1392 453 1672 524 ἡμετέρων
1703 453 1826 523 περὶ

143 545 242 590 τοῦ
297 536 435 607 μηδὲ
486 539 631 610 ῥῆμα
685 539 1039 610 φθέγξασθαι
1094 541 1241 610 παρὰ
1287 542 1384 594 τὸν
1429 544 1605 610 νόμον
1651 544 1828 596 πάντα

141 631 346 679 παθεῖν
385 631 654 695 γενναίως
691 631 1030 698 προείλοντο.
1874 651 1894 683 5

255 715 436 784 <220>
474 718 652 770 καίτοι
690 715 743 785 γ’
775 719 826 770 εί
870 718 942 786 μὴ
980 717 1313 785 συμβεβήκει
1352 717 1633 786 γνώριμον
1671 718 1827 786 ἡμῶν

141 805 202 856 τὸ
260 805 426 867 ἔθνος
487 806 705 858 ἅπασιν,
747 805 1067 874 ἀνθρώποις
1109 804 1394 874 ,ὑπάρχειν
1447 804 1551 857 κάν
1605 814 1828 877 φανερῷ

141 897 361 945 κεῖσθαι
399 893 500 961 τὴν
533 892 861 947 ἐθελούσιον
891 892 1047 961 ἡμῶν
1083 902 1199 956 τοῖς
1235 895 1426 961 νόμοις
1465 893 1827 962 ἀκολουθίαν,

142 981 325 1049 <221>
357 980 496 1034 ἀλλά
526 1002 610 1044 τις
639 981 672 1050 ἢ
707 982 1022 1051 συγγράψαι
1057 980 1233 1049 λέγων
1260 981 1426 1044 αὐτὸς
1457 980 1826 1050 ἀνεγίγνωσκε

139 1079 255 1132 τοῖς
285 1068 568 1138 ”Έλλησιν,
608 1072 643 1139 ἢ
681 1089 790 1124 που
827 1090 890 1138 γε
920 1080 1235 1140 περιτυχεῖν
1267 1069 1368 1133 ἔξω
1401 1078 1495 1139 τῆς
1525 1086 1827 1138 γιγνωσκο-
1853 1095 1896 1126 10

139 1157 306 1227 μένης
359 1166 458 1227 γῆς
511 1161 749 1228 ἔφασκεν
804 1159 1122 1226 ἀνθρώποις
1173 1159 1435 1226 τοιαύτην
1488 1155 1590 1228 μὲν
1641 1161 1829 1228 ἔχουσι

139 1246 308 1310 δόξαν
349 1247 493 1301 οὕτω
535 1249 742 1316 σεμνὴν
781 1246 906 1318 περὶ
951 1256 1052 1300 τοῦ
1098 1252 1266 1315 θεοῦ,
1312 1248 1584 1310 τοιούτοις
1628 1246 1688 1301 δὲ
1735 1250 1828 1301 νό-
1882 1295 1888 1300 .

139 1355 262 1404 μοις
307 1338 485 1389 πολὺν
533 1338 706 1389 αἰῶνα
752 1339 988 1405 βεβαίως
1035 1335 1460 1405 ἐμμεμενηκόσι,
1506 1336 1712 1399 πάντας
1759 1336 1829 1390 ἂν

139 1420 290 1493 οἶμαι
336 1424 622 1493 θαυμάσαι
671 1426 763 1477 διὰ
809 1426 906 1488 τὰς
960 1433 1209 1494 συνεχεῖς
1261 1421 1392 1495 παρ’
1431 1424 1619 1488 αὑτοῖς
1671 1444 1829 1494 μετα-

138 1512 320 1580 βολάς.
397 1513 578 1582 <222>
616 1511 803 1582 ἀμέλει
841 1523 952 1566 τῶν
992 1514 1200 1583 γράψαι
1237 1533 1290 1566 τι
1328 1514 1711 1583 παραπλήσιον
1749 1516 1828 1576 εἰς
1851 1536 1895 1567 15

137 1603 419 1654 πολιτείαν
472 1599 563 1654 καὶ
625 1604 834 1670 νόμους
888 1601 1353 1672 ἐπιχειρησάντων
1409 1602 1482 1664 ὡς
1534 1603 1829 1671 θαυμαστὰ

139 1688 466 1742 συνθέντων
489 1699 875 1759 κατηγοροῦσι,
909 1691 1215 1759 φάσκοντες
1247 1690 1449 1753 αὐτοὺς
1480 1693 1671 1758 λαβεῖν
1695 1689 1829 1743 ἀδυ-

137 1778 338 1841 νάτους
391 1776 699 1841 ὑποθέσεις.
777 1777 867 1832 καὶ
921 1781 1051 1842 τοὺς
1105 1776 1206 1847 μὲν
1254 1780 1458 1841 ἄλλους
1510 1782 1827 1846 παραλείπω

138 1869 508 1936 φιλοσόφους,
564 1867 687 1920 ὅσοι
732 1887 786 1920 τι
832 1874 1088 1921 τοιοῦτον
1138 1867 1197 1920 ἐν
1243 1876 1358 1930 τοῖς
1405 1868 1828 1937 συγγράμμασιν

139 1955 680 2024 ἐπραγματεύσαντο·
742 1955 923 2024 <223>
988 1955 1228 2009 Πλάτων
1290 1952 1351 2008 δὲ
1412 1958 1830 2024 θαυμαζόμενος
1853 1978 1896 2009 20

137 2044 284 2114 παρὰ
324 2054 439 2107 τοῖς
468 2042 734 2113 ’Ἑλλησιν
774 2045 847 2107 ὡς
893 2042 985 2097 καὶ
1031 2046 1321 2113 σεμνότητι
1360 2047 1489 2113 βίου
1531 2045 1831 2112 διενεγκὼν

137 2130 229 2186 καὶ
270 2133 502 2201 δυνάμει
542 2135 725 2201 λόγων
764 2131 856 2186 καὶ
903 2138 1099 2187 πειθοῖ
1141 2134 1348 2196 πάντας
1386 2133 1666 2203 ὑπεράρας
1703 2135 1831 2195 τοὺς

139 2221 199 2274 ἐν
239 2224 545 2292 φιλοσοφίᾳ
593 2224 914 2290 γεγονότας,
961 2222 1069 2275 ὑπὸ
1110 2231 1220 2275 τῶν
1259 2224 1589 2291 φασκόντων
1629 2222 1831 2274 δεινῶν

137 2307 282 2363 εἶναι
313 2311 379 2363 τὰ
410 2310 664 2364 πολιτικὰ
696 2318 896 2378 μικροῦ
929 2312 1049 2363 δεῖν
1081 2312 1473 2379 χλευαζόμενος
1510 2307 1602 2363 καὶ
1640 2329 1830 2381 κωμω-

139 2400 409 2468 δούμενος
471 2399 721 2451 διατελεῖ.
809 2399 992 2467 <224>
1052 2402 1229 2451 καίτοι
1290 2397 1547 2452 τάκείνου
1609 2407 1830 2451 σκοπῶν
1855 2421 1898 2452 525

140 2496 356 2558 συχνῶς
393 2507 475 2550 τις
513 2485 583 2539 ἂν
621 2487 777 2556 εὕροι
818 2484 979 2558 ῥᾴον’
1011 2489 1145 2541 ὄντα
1192 2485 1283 2539 καὶ
1322 2495 1417 2556 τῆς
1459 2497 1570 2540 τῶν
1609 2491 1830 2540 πολλῶν

139 2578 330 2644 ἔγγιον
369 2578 686 2644 συνηθείας.
764 2575 929 2638 αὐτὸς
969 2572 1031 2628 δὲ
1071 2575 1311 2628 Πλάτων
1352 2576 1707 2645 ὡμολόγησεν
1748 2575 1832 2628 ὅτι

138 2665 240 2733 τὴν
280 2663 462 2734 ἀληθῆ
509 2662 634 2732 περὶ
680 2672 782 2717 τοῦ
829 2669 970 2717 θεοῦ
1019 2663 1188 2728 δόξαν
1233 2665 1313 2727 εἰς
1359 2665 1461 2733 τὴν
1500 2673 1610 2717 τῶν
1651 2665 1833 2732 ὄχλων

141 2754 374 2820 ἄγνοιαν
413 2752 516 2806 οὐκ
561 2749 633 2822 ἧν
673 2752 910 2822 ἀσφαλὲς
958 2752 1277 2821 ἐξενεγκεῖν.
1356 2752 1539 2822 <225>
1583 2752 1721 2805 ἀλλά
1767 2753 1832 2804 τὰ

139 2838 241 2909 μὲν
284 2841 586 2904 Πλάτωνος
632 2844 834 2908 λόγους
886 2838 1030 2904 τινὲς
1084 2837 1227 2894 εἶναι
1279 2844 1473 2904 κενοὺς
1525 2843 1831 2910 νομίζουσι,
1856 2864 1899 2895 30

138 2930 275 2982 κατὰ
332 2931 545 2998 πολλὴν
595 2930 852 2994 ἐξουσίαν
906 2929 1542 3000 κεκαλλιγραφημένους·
1599 2931 1833 2999 μάλιστα
