2032 3128
220 85 323 136 122
637 86 762 128 ToT
792 87 1132 130 IOTAAIKOT
1163 89 1472 131 ΠΟΛΕΜΟΥ

215 229 326 272 τῶν
364 218 490 288 περὶ
528 220 630 288 τὴν
669 222 832 272 πόλιν
881 218 970 288 ἐφ’
1009 219 1201 273 ἐκατὸν
1248 222 1504 283 σταδίους
1544 219 1901 290 ἐψιλωμένων

215 309 293 370 εἰς
330 308 396 360 τὰ
434 311 704 377 πρότερον
751 309 988 377 χώματα.
1065 309 1246 378 (376)
1284 319 1396 362 τῶν
1436 307 1538 378 μὲν
1578 305 1680 362 οὗν
1720 310 1901 362 τεττά-

213 415 328 463 ρων
374 397 664 464 ταγμάτων
723 397 971 464 ἠγείρετο
1027 392 1200 465 τᾶργα
1254 398 1389 450 κατὰ
1441 399 1502 451 τὸ
1549 398 1686 466 πρὸς
1736 398 1902 449 δύσιν

211 487 378 550 κλῖμα
408 491 505 550 τῆς
535 486 772 552 πόλεως,
806 485 1035 552 ἀντικρὺ
1060 492 1155 552 τῆς
1187 488 1471 552 βασιλικῆς
1495 484 1682 553 αὐλῆς,
1721 485 1901 554 <377>

211 574 271 624 τὸ
325 568 384 623 δὲ
437 573 782 640 συμμαχικὸν
826 576 1043 639 πλῆθος
1092 571 1182 624 καὶ
1235 573 1264 626 ὁ
1313 574 1503 634 λοιπὸς
1554 574 1717 642 ὄχλος
1765 574 1900 626 κατὰ
1946 596 1968 627 5

210 661 307 712 τὸν
354 658 555 723 ξυστὸν
602 661 730 727 ἔχου
779 658 870 712 καὶ
923 661 1024 728 τὴν
1072 658 1324 728 γέφυραν
1371 659 1461 712 καὶ
1507 661 1604 713 τὸν
1644 663 1903 728 Σίμωνος

210 749 452 816 πύργον,
493 746 558 799 ὃν
599 746 919 819 ᾠκοδόμησε
957 750 1095 817 πρὸς
1129 746 1395 816 Ἰωάννην
1427 752 1685 816 πολεμῶν
1725 746 1899 820 ἑαυτῷ

211 837 497 906 φρούριον.

323 924 504 993 <378>
544 925 679 977 κατὰ
719 926 918 987 ταύτας
955 926 1049 987 τὰς
1086 923 1292 994 ἡμέρας
1331 926 1388 978 οἱ
1431 934 1540 977 τῶν
1573 924 1902 993 Ἰδουμαίων

210 1013 475 1080 ἡγεμόνες
528 1013 715 1081 κρύφα
764 1015 1134 1076 συνελθόντες
1181 1012 1583 1082 ἐβουλεύσαντο
1630 1012 1755 1083 περὶ
1801 1033 1901 1066 πα-
1927 1037 1969 1068 ιο

211 1103 489 1170 ραδόσεως
536 1110 694 1170 σφῶν
742 1101 951 1169 αὐτῶν,
1002 1099 1091 1154 καὶ
1138 1099 1450 1171 πέμψαντες
1495 1103 1702 1172 ἄνδρας
1739 1100 1902 1155 πέντε

209 1191 346 1258 πρὸς
391 1193 556 1242 Τίτον
606 1188 852 1243 ἱκέτευον
901 1191 1100 1243 δοῦναι
1150 1189 1335 1254 δεξιὰν
1375 1190 1576 1252 αὐτοῖς.
1651 1190 1832 1259 <379>
1872 1190 1901 1243 ὃ

212 1275 273 1331 δὲ
311 1276 402 1330 καὶ
434 1280 562 1340 τοὺς
599 1279 911 1345 τυράννους
951 1278 1217 1331 ἐνδώσειν
1259 1278 1483 1341 ἐλπίσας
1515 1277 1903 1332 ἀποσπασθέν-

208 1386 321 1420 των
351 1376 465 1420 τῶν
496 1361 845 1435 Ἰδουμαίων,
878 1369 936 1420 οἳ
962 1369 1106 1419 πολὺ
1137 1375 1238 1420 τοῦ
1269 1365 1514 1436 πολέμου
1546 1366 1712 1437 μέρος
1736 1363 1899 1436 ἦσαν,

210 1455 457 1524 βραδέως
504 1452 606 1524 μὲν
654 1453 775 1508 ἀλλ’
821 1451 924 1508 οὖν
963 1457 1251 1508 κατανεύει
1291 1475 1352 1524 γε
1402 1459 1677 1525 σωτηρίαν
1714 1456 1905 1519 ἀὐτοῖς
1930 1476 1972 1509 15

210 1543 302 1597 καὶ
341 1546 469 1606 τοὺς
508 1545 717 1612 ἄνδρας
755 1543 1048 1612 ἀνέπεμψε.
1123 1544 1304 1614 <380>
1341 1543 1905 1615 παρασκευαζομένων

213 1631 261 1685 δ’
301 1632 612 1702 ἀποχωρεῖν
660 1633 986 1686 αἰσθάνεται
1027 1635 1251 1702 Σίμων,
1298 1631 1389 1686 καὶ
1435 1631 1596 1686 πέντε
1637 1630 1739 1701 μὲν
1777 1635 1906 1695 τοὺς

211 1721 556 1784 ἀπελθόντας
593 1723 731 1787 πρὸς
778 1724 942 1775 Τίτον
982 1720 1194 1783 εὐθέως
1234 1721 1477 1791 ἀναιρεῖ,
1523 1723 1654 1784 τοὺς
1692 1718 1742 1773 δ’
1781 1721 1907 1789 ἡγε-

210 1812 407 1879 μόνας,
440 1805 519 1863 ὧν
551 1809 945 1879 ἐπισημότατος
975 1806 1045 1878 ἦν
1079 1811 1108 1864 ὁ
1141 1818 1240 1864 τοῦ
1272 1814 1443 1863 Σωσᾶ
1471 1807 1744 1878 Ἰάκωβος,
1777 1813 1906 1863 συλ-

210 1899 399 1966 λαβὼν
437 1900 709 1966 εἵργνυσι·
750 1898 932 1968 <381>
971 1900 1033 1952 τὸ
1075 1896 1138 1952 δὲ
1175 1903 1392 1968 πλῆθος
1430 1908 1542 1952 τῶν
1577 1895 1906 1967 Ἰδουμαίων
1932 1920 1976 1951 20

211 1987 532 2057 ἀμηχανοῦν
573 1989 668 2040 διὰ
707 1989 808 2057 τὴν
842 1987 1137 2057 ἀφαίρεσιν
1169 1996 1281 2041 τῶν
1311 1988 1602 2057 ἡγεμόνων
1635 1987 1736 2040 οὐκ
1767 1987 1907 2056 ἀφύ-

210 2080 412 2128 λακτον
443 2072 573 2146 εἶχε,
603 2074 694 2128 καὶ
726 2078 787 2129 τὸ
822 2086 998 2146 τεῖχος
1029 2086 1304 2146 φρουραῖς
1338 2074 1773 2145 ἐπιμελεστέραις
1797 2077 1908 2129 διε-

210 2164 505 2234 λάμβανεν.
556 2164 739 2232 <382>
773 2165 841 2218 οὐ
866 2166 977 2234 μὴν
1002 2164 1249 2235 ἀντέχειν
1282 2166 1340 2219 015
1367 2163 1607 2235 φρουροὶ
1640 2166 1777 2234 πρὸς
1813 2165 1908 2227 τὰς

211 2253 543 2322 αὐτομολίας
596 2259 822 2324 ἴσχυον,
874 2254 1012 2307 ἀλλά
1059 2257 1238 2308 καίτοι
1282 2257 1556 2308 πλείστων
1605 2251 1907 2323 φονευομέ-

209 2361 326 2394 νων
363 2344 507 2395 πολὺ
546 2346 771 2405 πλείους
810 2343 869 2396 oc
903 2343 1301 2412 διαφεύγοντες
1340 2341 1496 2410 ἦσαν.
1572 2343 1755 2411 <383>
1791 2340 1905 2395 ἐδέ-
1931 2360 1975 2394 25

208 2450 373 2500 χοντο
416 2427 476 2483 δὲ
508 2428 762 2500 Ῥωμαῖοι
801 2432 1025 2499 πάντας,
1067 2440 1168 2485 τοῦ
1207 2451 1264 2485 τε
1306 2435 1471 2485 Τίτου
1505 2433 1597 2485 διὰ
1628 2433 1908 2502 πρᾳότητα

209 2529 321 2572 τῶν
359 2518 645 2590 προτέρων
685 2519 1059 2589 ἀμελήσαντος
1089 2521 1586 2590 παραγγελμάτων,
1625 2518 1715 2573 καὶ
1749 2517 1907 2573 αὐτοὶ

207 2610 355 2680 κόρῳ
416 2616 517 2662 τοῦ
578 2612 814 2662 κτείνειν
878 2608 1207 2680 ἀπεχόμενοι
1261 2608 1352 2663 καὶ
1414 2607 1648 2679 κέρδους
1702 2607 1907 2661 ἐλπίδι·

203 2696 392 2764 <384>
438 2699 568 2760 τοὺς
612 2698 718 2766 γὰρ
767 2699 1098 2766 δημοτικοὺς
1135 2700 1526 2760 καταλιπόντες
1565 2700 1772 2766 μόνους
1809 2697 1908 2749 τὸν

207 2786 380 2839 ἄλλον
429 2787 596 2854 ὄχλον
643 2785 897 2840 ἐπώλουν
946 2789 1053 2840 σὺν
1099 2784 1321 2856 γυναιξὶ
1359 2785 1453 2840 καὶ
1491 2785 1732 2852 τέκνοις,
1786 2784 1907 2838 ἐλα-
1931 2805 1976 2837 30

197 2877 393 2943 χίστης
430 2882 588 2943 τιμῆς
626 2874 886 2943 ἕκαστον,
938 2878 1142 2944 πλήθει
1189 2895 1246 2928 τε
1293 2885 1405 2929 τῶν
1443 2871 1908 2945 πιπρασκομένων
