2032 3128
643 98 882 140 CONTRA
912 97 1180 140 APIONEM
1211 98 1325 140 LIB.
1351 97 1409 137 11.
1761 92 1868 144 259

186 230 447 298 templum
494 229 760 282 mediante
799 230 882 282 die
921 248 952 281 a
988 229 1428 298 praecedentibus
1468 228 1641 281 claves
1681 227 1871 296 templi

186 322 241 370 et
279 318 345 370 ad
381 336 663 369 numerum
700 336 827 370 vasa
866 318 1046 370 omnia
1083 318 1407 387 percipiunt,
1451 317 1601 369 nulla
1639 335 1696 369 re
1736 334 1870 385 quae

185 405 250 457 ad
310 406 489 458 cibum
549 409 643 457 aut
703 409 893 474 potum
954 405 1179 457 attineat
1241 406 1299 457 in
1358 404 1620 474 templum
1682 404 1868 456 delata.

184 494 364 560 <109>
396 492 526 545 talia
558 511 789 562 namque
821 493 984 546 etiam
1015 493 1081 545 ad
1112 494 1280 545 altare
1313 493 1502 545 offerre
1533 492 1870 562 prohibitum

34 581 41 584 ’
140 604 161 636 5
184 584 282 652 est,
318 584 529 650 praeter
567 581 660 633 illa
700 600 834 650 quae
873 581 939 633 ad
978 582 1236 634 sacrificia
1275 585 1675 650 praeparantur.

296 669 422 737 quid
447 687 573 739 ergo
598 668 864 738 Apionem
888 669 1112 722 dicimus
1140 669 1264 739 nisi,
1292 669 1431 721 nihil
1460 669 1655 722 horum
1679 669 1871 721 exami-

182 761 423 828 nantem,
475 757 638 810 verba
692 757 962 809 incredula
1016 757 1347 826 protulisse?
1417 758 1509 810 sed
1562 761 1719 826 turpe
1775 761 1871 826 est,

181 846 440 898 historiae
470 864 653 899 veram
689 846 941 897 notitiam
980 846 1025 898 si
1063 846 1302 914 proferre
1342 846 1723 915 grammaticus
1762 863 1872 897 non

181 935 369 1003 possit.
446 934 627 1002 <110>
666 937 718 986 et
759 935 928 986 sciens
968 934 1156 1002 templi
1194 935 1370 987 nostri
1408 935 1690 1005 pietatem,
1734 934 1871 986 hanc

117 1047 160 1077 ιο
184 1023 397 1092 quidem
427 1022 805 1092 praetermisit,
833 1022 1069 1094 hominis
1102 1026 1280 1075 autem
1313 1022 1500 1076 Graeci
1532 1022 1872 1091 comprehen-

183 1110 387 1163 sionem
434 1111 616 1182 finxit,
661 1111 921 1179 pabulum
967 1111 1239 1173 ineffabile
1278 1115 1332 1164 et
1371 1111 1615 1164 ciborum
1656 1110 1872 1179 opulen-

181 1199 446 1251 tissimam
501 1199 801 1251 claritatem
854 1203 907 1251 61
963 1218 1145 1252 servos
1200 1199 1583 1270 ingredientes,
1636 1200 1731 1252 ubi
1777 1217 1874 1251 nec

180 1287 548 1340 nobilissimos
587 1287 914 1340 Judaeorum
960 1287 1087 1340 licet
1125 1288 1360 1358 intrare,
1405 1289 1513 1341 nisi
1550 1288 1753 1340 fuerint
1794 1306 1872 1339 sa-

181 1376 434 1428 cerdotes
498 1377 681 1445 (111)
719 1376 849 1429 haec
881 1394 1006 1447 ergo
1039 1378 1273 1445 pessima
1305 1380 1385 1430 est
1422 1377 1671 1446 impietas
1711 1379 1872 1445 atque

6 1522 11 1523 ⁷
115 1486 157 1517 15
182 1465 514 1517 mendacium
569 1468 946 1534 spontaneum,
998 1465 1065 1517 ad
1119 1483 1303 1517 eorum
1359 1465 1724 1517 seductionem
1780 1465 1874 1533 qui

180 1554 470 1606 noluerunt
501 1553 764 1605 discutere
795 1553 1092 1623 veritatem,
1130 1571 1223 1621 per
1255 1572 1315 1605 ea
1349 1553 1611 1622 siquidem
1646 1553 1789 1605 mala
1820 1556 1874 1606 et

181 1641 493 1711 ineffabilia,
541 1659 676 1709 quae
722 1641 993 1709 praedicta
1041 1645 1191 1711 sunt,
1235 1642 1395 1694 nobis
1442 1641 1721 1695 detrahere
1763 1645 1874 1694 ten-

178 1734 372 1784 tavere.

293 1820 475 1887 <112>
514 1836 834 1886 rursumque
872 1822 1129 1887 tanquam
1167 1819 1444 1887 piissimus
1485 1819 1706 1890 deridet,
1748 1817 1874 1887 adji—

6 1930 11 1933 ·
114 1928 156 1959 20
181 1907 326 1960 616116
363 1907 578 1960 fabulae
615 1925 741 1959 suae
771 1906 1061 1960 Mnaseam.
1125 1908 1202 1960 ait
1234 1908 1375 1960 enim
1413 1907 1568 1960 illum
1605 1907 1874 1979 retulisse,

179 1996 306 2048 dum
326 1996 528 2048 bellum
550 1996 740 2048 Judaei
762 2000 949 2048 contra
967 1996 1248 2049 Idumaeos
1271 1997 1534 2049 haberent
1557 1996 1722 2066 longo
1746 2014 1877 2065 quo·

181 2085 300 2137 dam
332 2088 589 2159 tempore,
621 2104 684 2137 ex
717 2085 897 2154 aliqua
928 2085 1146 2138 civitate
1170 2085 1561 2155 Idumaeorum,
1595 2085 1688 2153 qui
1715 2083 1873 2137 Dorii

177 2174 544 2242 nominantur,
575 2173 839 2242 quendam
870 2192 1055 2226 eorum
1087 2174 1180 2242 qui
1214 2174 1272 2225 in
1302 2192 1363 2225 ea
1393 2171 1707 2242 Apollinem
1740 2174 1873 2226 cole-

179 2262 297 2332 bat,
335 2261 544 2314 venisse
583 2261 649 2313 ad
687 2261 938 2333 Judaeos,
977 2263 1127 2331 cujus
1163 2262 1400 2315 hominis
1444 2280 1642 2315 nomen
1679 2262 1874 2315 dicitur

112 2369 155 2401 25
181 2350 429 2422 Zabidus,
467 2350 654 2402 deinde
693 2351 768 2403 eis
807 2351 1118 2419 promisisse
1149 2351 1476 2404 traditurum
1516 2370 1572 2404 se
1604 2352 1679 2403 eis
1710 2350 1874 2419 Apol-

177 2439 343 2491 linem
366 2439 523 2491 deum
546 2438 907 2510 Doriensium,
930 2442 1321 2508 venturumque
1347 2440 1502 2492 illum
1528 2439 1594 2492 ad
1624 2443 1873 2492 nostrum

178 2528 463 2598 templum,
512 2528 558 2580 si
599 2546 780 2580 omnes
828 2527 1192 2598 abscederent,
1240 2532 1294 2580 et
1336 2528 1622 2581 credidisse
1662 2546 1873 2580 omnem

179 2615 579 2682 multitudinem
609 2616 950 2669 Judaeorum.
1016 2618 1195 2685 <113>
1233 2616 1492 2669 Zabidum
1525 2635 1653 2670 vero
1685 2617 1874 2670 fecisse

128 2763 131 2766 ,
179 2705 445 2773 quoddam
491 2705 979 2773 machinamentum
1027 2706 1292 2777 ligneum,
1332 2710 1385 2758 et
1425 2706 1873 2774 circumposuisse

111 2811 155 2843 30
180 2793 310 2863 sibi,
349 2797 402 2846 et
441 2795 498 2846 in
537 2813 599 2846 6ο
638 2798 749 2846 1166
791 2794 1002 2846 ordines
1044 2795 1264 2847 finxisse
1304 2795 1664 2865 lucernarum,
1704 2798 1756 2846 61
1794 2794 1872 2846 ita

179 2882 480 2935 ambulasse
519 2887 580 2935 ut
627 2884 814 2952 procul
861 2884 1130 2936 stantibus
1171 2886 1449 2952 appareret
1490 2884 1644 2952 quasi
1684 2883 1870 2936 stellae

1516 2971 1602 3013 17*
