2032 3128
690 157 897 198 ΑοΓοΣ
928 157 1254 199 ΠΡοΤΕΡοΣ
1711 157 1815 209 199

244 290 388 357 <69>
437 287 571 357 φέρε
617 292 809 342 τοίνυν
855 290 995 358 ἡμᾶς
1049 290 1242 353 ἀξιοῦν
1288 293 1560 364 τεκμηρίῳ
1614 293 1811 360 χρήσα-
1850 306 1905 345 13

135 383 266 430 σθαι
304 375 428 446 περὶ
466 386 577 430 τῶν
607 375 907 446 Ἑλλήνων,
947 378 1031 430 ὅτι
1071 379 1143 446 μὴ
1183 381 1419 432 παλαιόν
1451 378 1602 432 ἐστιν
1633 380 1815 432 αὐτῶν

0 491 1 544 ᾖ
132 467 192 517 τὸ
247 464 428 533 γένος,
490 472 563 535 τςό
620 463 793 534 μηδὲν
848 465 908 519 έν
961 476 1080 528 ταῖς
1132 467 1418 536 ἡμετέραις
1472 466 1818 538 ἀναγραφαῖς

0 545 1 550 ’
130 552 254 622 περὶ
294 553 476 605 αὐτῶν
515 555 799 623 εἰρῆσθαι,
848 550 932 620 ἆρ’
966 553 1091 623 οὐχὶ
1129 555 1346 617 πάντως
1384 554 1454 607 ἂν
1491 555 1816 625 κατεγέλων,

84 661 107 694 5
131 641 322 709 αὐτάς,
369 637 544 710 οἶμαι,
589 643 685 704 τὰς
722 641 818 695 ὑπ’
850 642 985 711 ἐμοῦ
1024 650 1131 695 νῦν
1170 642 1460 711 εἰρημένας
1504 645 1818 712 κομίζοντες

129 731 322 797 αἰτίας,
352 728 443 782 καὶ
475 730 754 799 μάρτυρας
785 730 854 782 ἂν
885 733 1014 793 τοὺς
1044 732 1459 799 πλησιοχώρους
1489 734 1815 800 παρείχοντο

127 826 222 886 τῆς
254 818 437 870 αὐτῶν
469 817 845 887 ἀρχαιότητος;
885 818 1035 886 κάγὼ
1067 823 1262 871 τοίνυν
1292 819 1620 889 πειράσομαι
1651 827 1816 873 τοῦτο

125 916 321 959 ποιεῖν.
357 906 543 976 J<70>
582 908 909 974 Αἰγυπτίοις
946 907 1051 975 γὰρ
1091 905 1182 959 καὶ
1218 906 1437 971 Φοίνιξι
1476 907 1710 975 μάλιστα
1746 909 1814 976 δὴ

125 998 396 1064 χρήσομαι
438 995 728 1063 μάρτυσιν,
775 994 876 1048 οὐκ
914 996 984 1047 ἄν
1023 1014 1173 1057 τινος
1211 995 1284 1058 ὡς
1322 997 1499 1064 ψευδῆ
1539 997 1640 1064 τὴν
1680 1016 1817 1066 μαρ-

59 1104 102 1136 10
124 1086 320 1151 τυρίαν
361 1084 680 1151 διαβάλλειν
722 1082 1092 1152 δυνηθέντος·
1134 1087 1430 1152 φαίνονται
1470 1085 1575 1154 γὰρ
1614 1083 1705 1137 καὶ
1747 1085 1815 1152 δὴ

123 1172 357 1240 μάλιστα
409 1173 547 1242 πρὸς
597 1172 738 1241 ἡμᾶς
785 1173 1070 1241 δυσμενῶς
1116 1172 1463 1235 διατεθέντες
1506 1180 1666 1242 κοινῇ
1715 1170 1816 1242 μὲν

123 1261 357 1323 ἅπαντες
403 1258 725 1329 Αἰγύπτιοι,
775 1263 1057 1314 Φοινίκων
1109 1259 1169 1314 δὲ
1216 1263 1425 1330 Τύριοι.
1501 1261 1644 1329 <71>
1690 1259 1816 1331 περὶ

123 1348 311 1418 μέντοι
346 1351 640 1402 Χαλδαίων
674 1349 857 1403 οὐκέτι
897 1351 1175 1418 δυναίμην
1214 1349 1284 1402 ἂν
1323 1349 1488 1403 ταύτὸ
1527 1358 1690 1403 τοῦτο
1730 1348 1816 1403 λέ-

122 1458 259 1507 γειν,
309 1437 425 1491 ε’πεὶ
464 1437 554 1491 καὶ
592 1447 691 1491 τοῦ
730 1437 927 1507 γένους
972 1439 1128 1508 ἡμῶν
1168 1437 1400 1507 ἀρχηγοὶ
1442 1439 1815 1506 καθεστήκασι

0 1531 7 1536 “
56 1546 98 1578 15
121 1525 211 1579 καὶ
267 1528 358 1580 διὰ
411 1529 513 1596 τὴν
568 1526 896 1595 συγγένειαν
947 1527 1008 1580 ἐν
1057 1534 1178 1589 ταῖς
1231 1527 1416 1580 αὑτῶν
1470 1526 1817 1596 ἀναγραφαῖς

115 1610 403 1669 Ἰουδαίων
434 1617 897 1684 μνημονεύουσιν.
961 1616 1106 1684 <72>
1138 1616 1271 1668 ὅταν
1304 1613 1366 1668 δὲ
1395 1615 1492 1677 τὰς
1528 1613 1654 1686 περὶ
1688 1616 1815 1669 τού-

119 1724 232 1757 των
263 1708 473 1766 πίστεις
506 1705 785 1774 παράσχω,
825 1707 947 1758 τότε
986 1703 1078 1757 καὶ
1117 1713 1228 1756 τῶν
1259 1702 1544 1772 Ἑλλήνων
1576 1718 1815 1774 συγγρα-

120 1793 273 1861 φέων
320 1794 588 1863 ἀποφανῶ
635 1796 766 1855 τοὺς
820 1795 1043 1862 μνήμην
1093 1788 1379 1846 Ἰουδαίων
1431 1794 1815 1861 πεποιηκότας,

120 1884 214 1935 ἵνα
267 1879 405 1951 μηδὲ
458 1883 665 1951 ταύτην
711 1884 790 1934 ἔτι
837 1883 938 1951 τὴν
984 1884 1264 1958 πρόφασιν
1311 1882 1370 1935 οἰ
1419 1883 1815 1949 βασκαίνοντες

12 2038 14 2040 v
53 1990 97 2022 20
121 1973 283 2040 ἔχωσι
322 1978 418 2039 τῆς
454 1972 592 2041 πρὸς
629 1971 771 2040 ἡμᾶς
809 1970 1137 2039 ἀντιλογίας.

231 2060 378 2128 <73>
418 2059 651 2130 ἄρξομαι
684 2061 752 2127 δὴ
793 2069 1013 2130 πρῶτον
1046 2059 1151 2113 ἀπὸ
1183 2068 1295 2112 τῶν
1325 2056 1452 2127 παρ’
1479 2059 1807 2127 Αἰγυπτίοις
1840 2074 1897 2113 14

119 2149 468 2219 γραμμάτων.
539 2148 677 2202 αὐτὰ
717 2146 818 2217 μὲν
858 2143 963 2202 οὖν
1002 2148 1102 2218 οὐχ
1142 2141 1264 2201 οἷόν
1303 2167 1360 2200 τε
1398 2150 1813 2217 παρατίθεσθαι

117 2236 413 2290 τάκείνων·
460 2239 752 2291 Μανεθὼν
796 2235 846 2289 δ’
875 2234 947 2305 ἧν
993 2239 1055 2290 τὸ
1103 2236 1262 2304 γένος
1308 2235 1448 2306 ἀνὴρ
1488 2237 1813 2304 Αἰγύπτιος,

117 2333 212 2394 τῆς
256 2324 581 2395 Ἑλληνικῆς
631 2327 972 2395 μετεσχηκὼς
1015 2327 1292 2393 παιδείας,
1338 2325 1412 2388 ὡς
1458 2326 1624 2394 δῆλός
1670 2324 1813 2378 ἐστι·

49 2434 94 2466 25
118 2415 358 2484 γέγραφε
405 2416 510 2484 γὰρ
549 2413 773 2468 Ἑλλάδι
819 2421 978 2484 φωνῇ
1026 2414 1128 2482 τὴν
1164 2414 1398 2484 πάτριον
1440 2414 1705 2483 ἱστορίαν,
1753 2415 1815 2466 ἔκ

116 2524 175 2557 τε
211 2513 323 2557 τῶν
357 2505 540 2573 ἱερῶν,
581 2504 654 2566 ὥς
687 2517 860 2572 φησιν
893 2503 1076 2570 αὐτός,
1115 2503 1465 2573 μεταφράσας
1502 2501 1595 2555 καὶ
1634 2503 1813 2555 πολλὰ

116 2594 215 2645 τὸν
253 2590 563 2661 “Ηρόδοτον
613 2591 821 2661 ἐλέγχει
867 2600 980 2644 τῶν
1018 2593 1413 2659 Αἰγυπτιακῶν
1451 2588 1550 2644 ὑπ’
1585 2590 1814 2658 ἀγνοίας

117 2680 474 2751 ἐψευσμένον,
547 2681 692 2749 <74>
732 2677 894 2743 οὗτος
932 2680 1000 2748 δὴ
1040 2682 1232 2733 τοίνυν
1269 2680 1298 2733 ὁ
1331 2680 1622 2732 Μανεθὼν
1654 2679 1715 2733 ἐν
1745 2687 1811 2749 τῇ

9 2830 11 2835 ,
117 2767 348 2840 δευτέρᾳ
392 2779 505 2823 τῶν
544 2772 942 2838 Αἰγυπτιακῶν
989 2776 1160 2822 ταῦτα
1205 2767 1332 2838 περὶ
1378 2769 1535 2837 ἡμῶν
1581 2769 1811 2838 γράφει·

0 2814 92 3006 ξω
115 2860 509 2928 παραθήσομαι
573 2855 635 2911 δὲ
697 2859 797 2926 τὴν
856 2857 1005 2921 λέξιν
1067 2857 1263 2926 αὐτοῦ,
1326 2858 1578 2926 καθάπερ
1640 2857 1812 2911 αὐτὸν

0 2987 23 3128 ἱ
117 2945 331 3000 ἐκεῖνον
369 2948 705 3017 παραγαγὼν
745 2946 1008 3017 μάρτυρα.
1087 2946 1234 3017 <75>
1274 2944 1510 3015 (ἐγένετο
1553 2948 1813 3015 βασιλεὺς
