2032 3128
219 85 290 138 80
645 86 771 128 ΤοΤ
800 85 1140 128 ΙοΤΔΑΙΚοΤ
1170 85 1478 127 ΠΟΛΕΜΟΥ

219 221 448 289 αἰσχρὸν
478 217 783 282 Ἰουδαίους
822 217 940 287 μέν,
981 211 1063 281 οἷς
1092 219 1303 286 πολλὴν
1335 218 1603 288 αἰσχύνην
1635 218 1702 272 οὐ
1741 217 1896 288 φέρει

218 309 278 360 τὸ
333 311 621 361 λείπεσθαι
682 311 927 376 μαθοῦσι
989 307 1305 375 δουλεύειν,
1365 303 1502 375 ὑπὲρ
1557 315 1656 360 τοῦ
1710 306 1897 376 μηκέτι

219 402 380 448 τοῦτο
420 395 650 465 πάσχειν
688 395 937 449 θανάτου
978 404 1364 464 καταφρονεῖν,
1402 393 1494 447 καὶ
1523 396 1785 458 πολλάκις
1823 396 1901 458 εἰς

221 482 421 551 μέσους
458 483 599 552 ἡμᾶς
631 482 921 554 ἐκτρέχειν,
961 483 1063 537 οὐκ
1095 482 1276 536 ἐλπίδι
1307 490 1407 537 τοῦ
1438 485 1730 554 κρατήσειν
1762 482 1902 537 ἀλλὰ

224 571 316 623 διὰ
354 572 524 639 ψιλὴν
564 571 826 636 ἐπίδειξιν
858 571 1135 640 ἀνδρείας·
1177 572 1321 640 <43>
1359 572 1500 640 ἡμᾶς
1539 569 1600 624 δὲ
1638 574 1766 634 τοὺς
1804 578 1903 640 γῆς
1946 590 1968 623 5
1998 587 2015 603 ²

224 658 416 727 ὀλίγου
457 660 576 713 δεῖν
616 659 825 730 ἀπάσης
863 658 955 714 καὶ
991 659 1269 728 θαλάττης
1306 667 1660 730 κρατοῦντας,
1700 653 1782 723 οἷς
1812 658 1903 713 καὶ

223 748 284 800 τὸ
324 748 397 816 μὴ
436 756 598 801 νικᾶν
638 749 878 816 ὄνειδος,
929 748 1072 817 <44>
1113 746 1238 817 μηδ’
1285 748 1424 812 ἅπαξ
1465 750 1543 811 εἰς
1581 750 1710 811 τοὺς
1746 752 1905 802 πολε-

224 839 383 904 μίους
432 837 913 907 παραβάλλεσθαι,
963 835 1277 907 περιμένειν
1325 834 1386 890 δὲ
1431 838 1528 890 τὸν
1576 839 1739 906 λιμὸν
1784 835 1898 890 κατ’

226 925 411 978 αὐτῶν
449 923 540 978 καὶ
578 926 680 994 τὴν
719 926 910 995 τύχην,
949 924 1155 994 ἀργοὺς
1191 924 1595 994 καθεζομένους
1633 926 1765 994 μετὰ
1797 943 1908 979 τοι-

226 1013 406 1065 ούτων
454 1013 666 1080 ὅπλων,
712 1011 803 1066 καὶ
853 1021 1023 1067 ταῦτα
1071 1011 1142 1066 δι”
1199 1013 1389 1081 ὀλίγου
1440 1021 1539 1066 τοῦ
1588 1016 1908 1084 παραβόλου
1933 1032 1976 1065 10

225 1102 285 1153 τὸ
317 1108 429 1154 πᾶν
459 1106 813 1171 κατορθῶσαι
847 1100 1214 1171 δυναμένους;
1260 1099 1405 1170 <45>
1438 1101 1740 1171 ἀναβάντες
1769 1109 1910 1170 γοῦν
1999 1169 2002 1171 .

228 1187 315 1242 ἐπὶ
354 1190 454 1258 τὴν
488 1187 789 1243 Ἀντωνίαν
828 1192 1025 1260 ἔχομεν
1063 1191 1165 1259 τὴν
1203 1192 1393 1243 πόλιν·
1447 1189 1538 1243 καὶ
1577 1191 1681 1261 γὰρ
1721 1190 1790 1243 ἂν
1831 1193 1912 1259 γί-

225 1280 427 1346 γνηταί
475 1298 556 1340 τις
608 1280 687 1331 ἔτι
741 1280 879 1349 πρὸς
932 1280 1061 1341 τοὺς
1115 1280 1310 1347 ἔνδον,
1365 1278 1498 1349 ὅπερ
1555 1278 1657 1332 οὐκ
1711 1284 1913 1349 οἰόμαι,

227 1366 396 1436 μάχη,
442 1369 505 1419 τό
551 1386 613 1434 γε
652 1368 787 1420 κατὰ
834 1367 1086 1437 κορυφὴν
1134 1363 1277 1420 εἶναι
1323 1365 1415 1420 καὶ
1460 1366 1762 1431 ἀναπνοαῖς
1801 1367 1915 1421 ἐπι-

227 1460 513 1523 καθῆσθαι
559 1464 670 1509 τῶν
717 1459 996 1525 πολεμίων
1042 1454 1246 1524 ταχέως
1291 1457 1392 1525 τὴν
1440 1456 1705 1526 ὁλοσχερῆ
1752 1459 1916 1526 νίκην
1941 1474 1982 1507 15
2031 1478 2032 1532 ᾗ

229 1541 503 1610 ἐγγυᾶται.
566 1544 712 1614 <46>
751 1542 842 1597 καὶ
882 1546 1052 1613 ἔγωγε
1091 1547 1152 1598 τὸ
1186 1541 1297 1613 ,μὲν
1335 1545 1535 1613 ὑμνεῖν
1567 1546 1689 1616 ἄρτι
1721 1547 1822 1615 τὴν
1856 1545 1917 1599 ἐν
1954 1543 1956 1545 ’

229 1631 450 1706 πολέμῳ
490 1635 751 1702 τελευτὴν
789 1631 879 1687 καὶ
918 1634 1019 1702 τὴν
1060 1632 1148 1687 ἐπὶ
1190 1643 1305 1697 τοῖς
1344 1633 1683 1705 ἀρειμανίοις
1719 1642 1919 1688 πεσοῦ-

232 1734 322 1790 σιν
378 1720 694 1775 ἀθανασίαν
747 1726 1093 1792 παραλείπω,
1149 1721 1528 1792 ἐπαρασαίμην
1583 1721 1630 1775 δ’
1682 1722 1751 1776 ἂν
1805 1732 1921 1785 τοῖς

231 1809 410 1872 ἄλλως
448 1811 637 1880 ἔχουσι
675 1812 774 1864 τὸν
813 1808 930 1864 κατ’
968 1813 1197 1880 εἰρήνην
1237 1811 1296 1864 ἐκ
1326 1814 1498 1865 νόσου
1528 1811 1798 1880 θάνατον,
1838 1804 1923 1874 οἷς

232 1899 365 1966 μετὰ
419 1906 518 1952 τοῦ
574 1900 822 1969 σώματος
874 1898 966 1953 καὶ
1019 1899 1052 1968 ἡ
1111 1901 1259 1970 ψυχὴ
1314 1899 1471 1972 τάφῳ
1525 1902 1921 1968 κατακρίνεται.
1947 1919 1989 1951 20

232 1987 377 2055 <47>
415 1991 497 2050 τίς
542 1989 648 2059 γὰρ
697 1989 800 2042 οὐκ
846 1984 963 2048 οἶδε
1013 1997 1125 2042 τῶν
1172 1987 1404 2057 ἀγαθῶν
1443 1987 1667 2058 ἀνδρῶν
1706 1988 1791 2041 ὅτι
1828 1988 1924 2050 τὰς

232 2072 334 2144 μὲν
383 2075 444 2129 ἐν
490 2076 786 2146 παρατάξει
831 2078 1011 2148 ψυχὰς
1056 2078 1266 2149 σιδήρῳ
1306 2086 1417 2130 τῶν
1459 2085 1678 2147 σαρκῶν
1719 2075 1923 2129 ἀπολυ-

232 2166 429 2227 θείσας
481 2166 542 2218 τὸ
598 2166 996 2235 καθαρώτατον
1051 2175 1324 2236 στοιχεῖον
1379 2166 1550 2235 αἰθὴρ
1613 2163 1924 2234 ξενοδοχῶν

234 2253 457 2320 ἄστροις
508 2253 894 2324 ἐγκαθιδρύει,
952 2256 1212 2323 δαίμονες
1263 2250 1315 2307 δ’
1364 2251 1571 2322 ἀγαθοὶ
1615 2251 1706 2306 καὶ
1751 2253 1927 2321 ἥρωες

234 2340 482 2409 εὐμενεῖς
522 2343 687 2406 ἰδίοις
726 2343 976 2411 ἐγγόνοις
1007 2342 1416 2413 ἐμφανίζονται,
1455 2342 1602 2410 <48>
1639 2342 1735 2404 τὰς
1775 2339 1827 2394 δ’
1865 2339 1926 2393 ἐν
1951 2360 1995 2394 25

234 2438 467 2483 νοσοῦσι
507 2440 621 2494 τοῖς
661 2433 874 2501 σώμασι
914 2435 1291 2500 συντακείσας,
1329 2430 1435 2484 κᾶν
1465 2431 1531 2483 τὰ
1563 2429 1797 2499 μάλιστα
1835 2449 1930 2498 κη-

235 2519 410 2571 λίδων
449 2517 483 2587 ἢ
523 2520 845 2589 μιασμάτων
892 2517 993 2573 ὦσι
1032 2524 1302 2591 καθαραί,
1351 2519 1453 2584 νὺξ
1493 2519 1751 2586 ὑπόγειος
1791 2516 1932 2586 ἀφα-

235 2609 370 2671 νίζει
409 2605 500 2660 καὶ
540 2610 688 2677 λήθη
728 2611 930 2677 βαθεῖα
970 2607 1215 2679 δέχεται,
1255 2608 1644 2677 λαμβανούσας
1683 2607 1794 2675 ἅμα
1832 2613 1933 2659 τοῦ

234 2714 291 2747 τε
338 2698 467 2764 βιόυ
514 2694 606 2749 καὶ
653 2705 766 2749 τῶν
814 2697 1109 2767 σωμάτων,
1161 2699 1240 2750 ἔτι
1287 2693 1350 2750 δὲ
1396 2703 1491 2765 τῆς
1530 2696 1747 2765 μνήμης
1783 2711 1934 2764 περι-

236 2786 480 2854 γραφήν;
544 2785 690 2855 <49>
729 2787 782 2838 εἰ
820 2783 881 2838 δὲ
920 2785 1222 2839 κέκλωσται
1262 2782 1366 2855 μὲν
1405 2783 1727 2854 ἀνθρώποις
1766 2782 1934 2850 ἀναγ-
1959 2805 2021 2838 3οκ

236 2875 366 2925 καία
415 2875 672 2943 τελευτή,
725 2876 1065 2949 κουφότερος
1117 2873 1165 2927 δ’
1217 2875 1296 2937 εἰς
1335 2873 1509 2942 αὐτὴν
1548 2876 1722 2927 νόσου
1762 2871 1939 2940 πάσης
