2032 3128
209 106 242 157 6
633 107 757 149 ΤΟΤ
788 106 1127 149 ΙΟΤΔΑΙΚΟΤ
1157 106 1467 149 ΠΟΛΕΜΟΥ

205 235 311 307 ἦν,
364 248 473 292 τῶν
528 240 711 292 ἄλλων
766 249 949 310 μερῶν
1005 243 1245 308 βαθμοῖς
1296 241 1591 309 πόρρωθεν
1647 239 1887 306 διειλημ-

207 325 405 396 μένων.

153 429 178 468 6
321 415 468 484 <39>
506 413 596 468 καὶ
637 415 666 467 ὃ
706 413 806 484 μὲν
845 425 958 478 τοῖς
992 421 1519 468 κατασκευασθεῖσιν
1552 413 1606 478 ἐξ
1640 413 1889 483 ἀσεβείας

208 502 467 572 ὀργάνοις
515 506 809 572 κρατήσειν
856 505 1053 572 ἤλπισε
1105 512 1215 556 τῶν
1269 501 1512 573 ἐχθρῶν,
1567 503 1596 556 ὁ
1647 499 1709 555 δὲ
1759 504 1890 565 θεὸς

206 592 482 660 ἄχρηστον
528 591 675 662 αὐτῷ
722 593 822 644 τὸν
866 594 1043 645 πόνον
1094 589 1373 660 ἀπέδειξε,
1425 589 1558 660 πρὶν
1605 589 1894 659 ἐπιστῆσαί
1936 610 1957 643 5

205 698 329 732 τινα
367 688 479 732 τῶν
517 681 774 749 πύργων,
816 678 1113 748 Ῥωμαίους
1153 678 1456 748 ἐπαγαγών.
1532 678 1676 747 <4Ο>
1716 679 1746 733 ὁ
1786 679 1890 747 γὰρ

113 779 121 787 ·
208 768 275 835 δὴ
324 770 482 830 Τίτος
522 767 710 837 ἐπειδὴ
750 769 816 821 τὰ
855 765 956 836 μὲν
995 770 1271 836 συνήγαγε
1306 776 1400 837 τῆς
1431 768 1718 837 δυνάμεως
1755 769 1892 834 πρὸς

206 855 395 924 αὑτόν,
433 864 549 918 τοῖς
589 853 639 907 δ’
687 853 775 908 ἐπὶ
807 853 1207 924 Ἱεροσολύμων
1247 862 1526 908 συναντᾶν
1565 853 1892 922 ἐπέστειλεν,

208 943 472 1012 ἐξήλαυνε
522 950 617 1012 τῆς
666 946 1016 1013 Καισαρείας.
1092 943 1236 1011 <41>
1274 939 1345 1011 ἦν
1391 941 1452 995 δὲ
1501 946 1626 1013 τρία
1675 941 1776 1012 μὲν
1825 943 1892 995 τὰ

204 1035 475 1102 πρότερον
517 1031 690 1085 αὐτοῦ
728 1040 803 1104 τςό
843 1030 1008 1102 πατρὶ
1047 1033 1446 1102 συνδῃώσαντα
1482 1032 1583 1100 τὴν
1618 1030 1893 1085 Ἰουδαίαν
1916 1052 1959 1086 ιο

204 1121 474 1189 τάγματα,
524 1119 616 1174 καὶ
662 1122 723 1173 τὸ
772 1121 940 1173 πάλαι
980 1122 1085 1173 σὺν
1124 1122 1339 1193 Κεστίῳ
1378 1128 1614 1173 πταῖσαν
1654 1118 1893 1173 δωδέκα-

204 1228 322 1277 τον,
366 1209 498 1276 ὅπερ
539 1207 632 1262 καὶ
671 1210 850 1271 ἄλλως
891 1207 1160 1276 ἐπίσημον
1201 1204 1276 1260 δι’
1321 1208 1586 1276 ἀνδρείαν
1624 1208 1893 1277 ὑπάρχον,

204 1300 325 1351 τότε
365 1298 501 1350 κατὰ
540 1300 761 1367 μνήμην
801 1292 879 1349 ὧν
919 1298 1128 1350 ἔπαθεν
1177 1299 1255 1360 εἰς
1297 1297 1515 1365 ἄμυναν
1554 1295 1642 1367 ᾔει
1679 1301 1894 1367 προθυ-

205 1388 454 1455 μότερον.
532 1386 677 1454 <42>
724 1386 937 1438 τούτων
985 1382 1085 1454 μὲν
1132 1381 1235 1439 οὗν
1274 1386 1335 1437 τὸ
1374 1383 1619 1454 πέμπτον
1659 1383 1730 1437 δι’
1768 1384 1894 1455 Ἀμ-

205 1482 479 1543 μαοῦντος
511 1473 797 1528 ἐκέλευσεν
828 1474 974 1545 αὐτῷ
1006 1482 1304 1542 συναντᾶν,
1343 1472 1435 1527 καὶ
1475 1474 1568 1526 διὰ
1597 1471 1893 1543 “Ιεριχοῦν-’
1918 1494 1959 1527 15

203 1582 296 1625 τος
318 1565 379 1616 τὸ
406 1561 637 1616 δέκατον
668 1562 1014 1631 ἀναβαίνειν·
1056 1563 1220 1626 αὐτὸς
1251 1558 1301 1616 δ’
1339 1561 1588 1627 ἀνέζευξε
1619 1563 1751 1631 μετὰ
1781 1572 1894 1616 τῶν

202 1656 431 1720 λοιπῶν,
470 1654 606 1722 πρὸς
638 1645 721 1715 οἷς
753 1653 815 1704 αἵ
843 1671 900 1704 τε
933 1660 1045 1705 τῶν
1077 1651 1352 1720 βασιλέων
1384 1654 1687 1721 συμμαχίαι
1724 1659 1894 1704 πᾶσαι

202 1743 448 1810 πλείους,
502 1739 593 1794 καὶ
649 1739 845 1811 συχνοὶ
899 1749 1010 1794 τῶν
1058 1740 1163 1794 ἀπὸ
1211 1748 1307 1809 τῆς
1351 1744 1564 1809 Συρίας
1610 1740 1894 1810 ἐπίκουροι

204 1834 507 1898 συνῆλθον.
586 1829 730 1898 <43>
780 1829 1148 1900 ἀνεπληρώθη
1204 1826 1266 1882 δὲ
1319 1827 1410 1881 καὶ
1463 1838 1575 1882 τῶν
1620 1829 1893 1898 τεττάρων

201 1917 493 1986 ταγμάτων
527 1918 661 1971 ὅσον
685 1915 1070 1980 ’ὅεσπασιανὸς
1101 1916 1348 1981 ἐπιλέξας
1385 1919 1694 1988 Μουκιανῷ
1734 1915 1894 1970 συνέ-
1918 1939 1961 1971 20

201 2014 416 2074 πεμψεν
463 2008 542 2068 εἰς
573 2004 811 2059 Ἰταλίαν
859 2006 919 2060 ἐκ
964 2015 1076 2059 τῶν
1123 2006 1477 2060 ἐπελθόντων
1523 2006 1656 2075 μετὰ
1704 2009 1892 2059 Τίτου·

201 2094 346 2162 <44>
389 2096 651 2163 δισχίλιοι
698 2092 800 2163 μὲν
847 2096 951 2162 γαρ
1000 2095 1146 2167 αὐτῷ
1194 2104 1306 2148 τῶν
1353 2092 1443 2147 ἀπ’
1484 2092 1896 2163 Ἀλεξανδρείας

202 2183 625 2252 στρατευμάτων
667 2182 959 2252 ἐπίλεκτοι,
998 2186 1291 2253 τρισχίλιοι
1329 2180 1390 2236 δὲ
1423 2186 1751 2237 συνείποντο
1782 2192 1896 2237 τῶν

202 2269 295 2323 ἀπ’
338 2272 639 2341 Εὐφράτου
680 2273 960 2340 φυλάκων.
1017 2272 1164 2342 <45>
1203 2275 1387 2342 φίλων
1426 2268 1488 2324 δὲ
1527 2273 1897 2340 δοκιμώτατος

201 2360 430 2414 εὔνοιάν
462 2379 519 2412 τε
551 2359 643 2412 καὶ
675 2361 904 2413 σύνεσιν
937 2360 1189 2430 Τιβέριος
1215 2358 1593 2430 Ἀλέξανδρος,
1624 2363 1895 2430 πρότερον
1919 2382 1962 2416 25

202 2447 304 2516 μὲν
350 2449 516 2512 αὐτὸς
561 2450 664 2517 τὴν
710 2454 994 2517 Αἴγυπτον
1041 2449 1276 2518 διέπων,
1331 2449 1477 2518 <46>
1514 2451 1635 2502 τότε
1683 2445 1745 2501 δὲ
1783 2457 1895 2502 τῶν

203 2537 627 2606 στρατευμάτων
674 2538 859 2606 ἅρχων
905 2537 1120 2607 κριθεὶς
1166 2539 1317 2603 ἄξιος
1355 2536 1410 2602 ἐξ
1450 2532 1531 2590 ὧν
1569 2536 1894 2601 ἐδεξιώσατο

201 2634 418 2694 πρῶτος
457 2623 815 2694 ἐγειρομένην
855 2626 979 2695 ἄρτι
1018 2627 1119 2694 τὴν
1155 2627 1477 2695 ἡγεμονίαν,
1515 2623 1606 2678 καὶ
1636 2627 1770 2694 μετὰ
1808 2629 1896 2679 πί-

203 2726 370 2776 στεως
410 2718 659 2785 λαμπρᾶς
691 2713 746 2778 ἐξ
780 2714 991 2783 ἀδήλου
1024 2723 1087 2785 τῇ
1120 2716 1257 2786 τύχῃ
1288 2712 1612 2785 προσέθετο,
1653 2716 1896 2784 σύμβου-

202 2804 298 2864 λός
336 2822 397 2870 γε
437 2803 547 2871 μὴν
586 2813 703 2866 ταῖς
741 2812 841 2857 τοῦ
871 2802 1118 2872 πολέμου
1154 2806 1379 2874 χρείαις,
1418 2802 1606 2875 ἡλικία
1635 2823 1691 2856 τε
1724 2805 1895 2874 πρού-
1918 2827 1963 2858 30

198 2910 317 2959 χων
356 2889 447 2943 καὶ
486 2887 602 2945 κατ’
649 2891 961 2963 ἐμπειρίαν,
1002 2894 1196 2947 εἵπετο.
