2032 3128
712 111 922 153 ΛΟΓΟΣ
953 110 1242 152 ΕΒΔοΜοΣ
1700 105 1804 156 145

112 242 391 312 Ῥωμαῖοι,
439 243 503 295 τὰ
549 245 717 296 πλείω
766 240 817 295 δ’
865 242 923 296 ἐκ
968 243 1254 311 μηνύσεως
1298 251 1408 295 τῶν
1449 241 1805 310 αἰχμαλώτων

120 331 462 400 ἀνῃροῦντο,
507 332 716 399 χρυσόν
755 350 813 383 τε
859 329 949 383 καὶ
988 331 1235 399 ἄργυρον
1273 328 1364 383 καὶ
1401 330 1467 382 τὰ
1506 336 1600 397 τῆς
1638 329 1806 396 ἄλλης

119 420 413 484 τιμιώτατα
436 426 786 486 κατασκευῆς,
813 420 948 485 ἅπερ
975 419 1033 471 οἱ
1052 417 1370 486 κεκτημένοι
1394 419 1530 484 πρὸς
1561 419 1654 480 τὰς
1678 417 1806 485 ἀδή-

119 510 253 567 λους
282 513 382 557 τοῦ
421 501 664 570 πολέμου
703 507 868 572 τύχας
906 506 1040 558 κατὰ
1073 511 1172 571 γῆς
1210 502 1804 574 ἀποτεθησαυρίκεσαν.

73 613 95 645 5
232 593 413 660 <116>
462 594 617 653 Τίτος
669 588 730 643 δὲ
780 591 881 658 τὴν
925 588 1294 659 προκειμένην
1341 591 1671 658 ποιούμενος
1707 607 1805 643 πο-

120 683 274 749 ρείαν
314 679 404 732 ἐπ’
438 683 742 746 Αἴγυπτον,
781 676 871 730 καὶ
910 677 1011 745 τὴν
1051 680 1255 746 ἔρημον
1287 671 1320 747 ᾗ
1353 677 1576 746 τάχιστα
1617 679 1806 731 διανύ-

118 783 240 836 σας,
280 763 412 835 ἧκεν
451 768 529 828 εἰς
562 761 997 834 Ἀλεξάνδρειαν·
1042 765 1225 834 <117>
1263 763 1354 817 καὶ
1393 770 1552 818 πλεῖν
1592 764 1679 818 ἐπὶ
1711 774 1807 835 τῆς

111 854 341 916 Ἰταλίας
381 853 715 920 διεγνωκώς,
756 853 918 905 δυοῖν
958 853 1104 924 αὐτῷ
1146 853 1436 922 ταγμάτων
1468 858 1806 922 συνηκολου-

115 944 373 1010 θηκότων
421 938 680 1008 ἑκάτερον
727 940 967 1008 ὅθενπερ
1014 940 1213 1009 ἀφῖκτο
1260 941 1427 994 πάλιν
1471 940 1804 1010 ἀπέστειλεν,

49 1051 91 1082 10
117 1032 193 1093 εἰς
231 1027 333 1099 μὲν
370 1030 470 1097 τὴν
510 1031 742 1082 Μυσίαν
774 1030 834 1082 τὸ
865 1027 1130 1097 πέμπτον,
1172 1031 1249 1092 εἰς
1280 1033 1610 1084 Παννονίαν
1651 1028 1712 1083 δὲ
1743 1032 1804 1084 τὸ

114 1117 621 1186 πεντεκαιδέκατον,
665 1117 847 1186 <118>
885 1127 995 1170 τῶν
1035 1119 1396 1187 αἰχμαλώτων
1437 1115 1498 1171 δὲ
1535 1121 1666 1182 τοὺς
1703 1116 1806 1188 μὲν

113 1206 385 1276 ἡγεμόνας
424 1210 655 1275 Σίμωνα
695 1204 785 1258 καὶ
811 1204 1095 1275 Ἰωάννην,
1135 1209 1232 1259 τόν
1264 1204 1310 1259 τ’
1350 1208 1521 1260 ἄλλον
1561 1206 1806 1277 ἀριθμὸν

114 1293 473 1358 ἑπτακοσίους
527 1296 734 1364 ἄνδρας
789 1293 1036 1358 ἐπιλέξας
1087 1293 1314 1363 μεγέθει
1365 1314 1422 1349 τε
1472 1293 1563 1348 καὶ
1616 1296 1803 1349 κάλλει

114 1384 382 1452 σωμάτων
427 1384 899 1453 ὑπερβάλλοντας,
946 1384 1280 1453 προσέταξεν
1319 1386 1397 1446 εἰς
1438 1384 1536 1451 τὴν
1570 1382 1804 1438 Ἰταλίαν

46 1492 87 1524 15
113 1473 307 1526 αὐτίκα
362 1473 507 1541 μάλα
560 1475 913 1540 κομίζεσθαι,
966 1475 1306 1541 βουλόμενος
1360 1472 1562 1535 αὐτοὺς
1616 1472 1676 1526 ἐν
1726 1474 1802 1546 τῷ

110 1561 366 1634 θριάμβῳ
413 1570 769 1631 παραγαγεῖν.
831 1561 1013 1630 <119>
1059 1569 1161 1614 τοῦ
1207 1565 1351 1615 πλοῦ
1392 1558 1440 1614 δ’
1481 1561 1628 1632 αὐτῷ
1668 1563 1804 1615 κατὰ

109 1658 248 1703 νοῦν
288 1648 657 1718 ἀνυσθέντος,
708 1649 911 1717 ὁμοίως
949 1645 1050 1717 μὲν
1089 1648 1122 1717 ἡ
1160 1648 1332 1719 Ῥώμη
1372 1648 1498 1718 περὶ
1529 1650 1629 1718 τὴν
1669 1650 1804 1704 ὑπο-

110 1739 281 1808 δοχὴν
321 1734 431 1808 εἶχε
470 1736 560 1791 καὶ
598 1738 693 1800 τὰς
730 1738 1062 1806 ὑπαντήσεις
1101 1738 1283 1806 ὥσπερ
1326 1737 1412 1792 ἐπὶ
1449 1747 1549 1792 τοῦ
1580 1741 1803 1807 πατρός,

109 1829 490 1897 λαμπρότερον
531 1824 582 1879 δ’
618 1822 688 1894 ἧν
738 1829 875 1895 Τι’τω
917 1824 1007 1879 καὶ
1048 1826 1212 1889 αὐτὸς
1255 1826 1284 1880 ὁ
1324 1827 1502 1896 πατὴρ
1541 1826 1802 1880 ὑπαντῶν

10 1937 14 1939 ’
41 1935 85 1967 20
108 1914 198 1967 καὶ
226 1917 536 1985 δεχόμενος.
577 1915 760 1984 <12Ο>
785 1923 859 1986 τῷ
892 1912 953 1968 δὲ
984 1916 1195 1982 πλήθει
1212 1925 1324 1969 τῶν
1347 1919 1591 1969 πολιτῶν
1617 1916 1803 1984 δαιμό-

107 2006 233 2057 νιόν
255 2024 380 2057 τινα
402 2005 505 2072 τὴν
530 2004 707 2074 χαρὰν
731 2013 953 2074 παρεῖχε
978 2005 1039 2057 τὸ
1065 2002 1290 2072 βλέπειν
1315 2004 1519 2066 αὐτοὺς
1541 2005 1648 2073 ἤδη
1673 2006 1803 2067 τοὺς

22 2086 24 2088 ’
106 2102 251 2161 τρεῖς
293 2092 352 2146 ἐν
392 2092 571 2164 ταύτῷ
612 2094 920 2160 γεγονότας.
990 2092 1170 2161 <121>
1218 2092 1285 2146 οὐ
1323 2096 1546 2146 πολλῶν
1587 2090 1635 2145 δ’
1674 2092 1799 2160 ἡμε-

109 2191 222 2250 ρῶν
264 2182 614 2234 διελθουσῶν
654 2180 751 2234 ἕνα
789 2179 881 2233 καὶ
921 2183 1112 2234 κοινὸν
1153 2183 1404 2249 ἔγνωσαν
1435 2183 1533 2235 τὸν
1567 2179 1654 2234 ἐπὶ
1685 2191 1801 2244 τοῖς

106 2268 568 2340 κατωρθωμένοις
606 2271 949 2338 ποιήσασθαι
987 2272 1288 2339 θρίαμβον,
1327 2273 1521 2340 καίπερ
1563 2268 1799 2339 ἑκατέρῳ

39 2377 82 2409 25
107 2366 202 2427 τῆς
240 2362 447 2428 βουλῆς
487 2360 634 2411 ἴδιον
673 2356 1074 2427 ψηφισαμένης.
1115 2359 1297 2427 <122>
1328 2360 1799 2429 προδιασαφηθεί-

107 2461 205 2515 σης
236 2443 297 2499 δὲ
328 2454 423 2515 τῆς
462 2445 667 2516 ἡμέρας
699 2445 785 2516 ἐφ’
825 2443 889 2515 ἧς
921 2449 1145 2516 ε”μελλεν
1176 2447 1209 2516 ἡ
1242 2448 1429 2516 πομπὴ
1463 2449 1799 2516 γενήσεσθαι

105 2545 217 2588 τῶν
258 2535 569 2604 ἐπινικίων,
610 2534 795 2598 οὐδεὶς
834 2541 976 2589 οἴκοι
1015 2535 1402 2590 καταλέλειπτο
1434 2543 1530 2604 τῆς
1560 2534 1800 2604 ἀμέτρου

105 2626 359 2692 πληθύος
399 2624 458 2678 ἐν
498 2632 562 2694 τῇ
604 2626 778 2691 πόλει,
817 2624 1015 2687 πάντες
1047 2622 1096 2677 δ’
1135 2625 1241 2695 ὅπῃ
1273 2623 1364 2677 καὶ
1397 2632 1591 2693 στῆναι
1624 2626 1801 2692 μόνον

105 2709 177 2780 ἧν
216 2706 339 2766 οἶόν
377 2732 434 2766 τε
474 2715 935 2783 προεληλυθότες,
975 2715 1103 2776 τοὺς
1142 2716 1345 2776 τόπους
1381 2715 1800 2781 κατειλήφεσαν,

38 2820 82 2852 30
107 2801 244 2854 ὅσον
282 2810 398 2864 τοῖς
435 2800 848 2871 ὀφθησομένοις
887 2803 1062 2870 μόνον
1100 2803 1179 2865 εἰς
1215 2802 1464 2873 πάροδον
1497 2801 1800 2869 ἀναγκαῖον

106 2892 510 2954 καταλιπόντες.

196 2985 406 3018 Iosmuws.
438 2986 505 3018 VI.
1448 2981 1502 3019 10

1836 604 1864 641 3
