2032 3128
685 123 896 164 ΛΟΓΟΣ
926 120 1248 163 ΠΡΟΤΕΡΟΣ
1699 112 1800 164 191

126 277 218 326 μοι
259 259 549 312 δοκοῦσαν.
611 256 756 324 <2Ο>
793 256 854 308 τὸ
895 255 999 324 γὰρ
1039 253 1092 318 ἐξ
1133 252 1302 323 ἀρχῆς
1340 253 1412 321 μὴ
1450 250 1806 315 σπουδασθῆ-

125 367 216 399 ναι
269 346 415 412 παρὰ
469 354 583 406 τοῖς
622 343 851 412 ’Ἑλλησι
902 345 1168 412 δημοσίας
1220 340 1483 409 γενέσθαι
1536 340 1631 403 τὰς
1682 339 1807 409 περὶ

123 443 234 487 τῶν
274 432 527 487 ἑκάστοτε
565 430 953 500 πραττομένων
993 429 1330 498 ἀναγραφάς,
1372 435 1535 482 τοῦτο
1575 428 1806 497 μάλιστα

126 523 192 590 δὴ
239 520 331 575 καὶ
376 522 477 589 τὴν
523 521 739 589 πλάνην
782 517 873 573 καὶ
919 519 1020 587 τὴν
1060 517 1313 581 ἐξουσίαν
1353 525 1452 570 τοῦ
1498 518 1807 580 ψεύδεσθαι

78 633 98 664 5
123 620 236 672 τοῖς
274 610 406 678 μετὰ
445 617 614 662 ταῦτα
653 613 981 676 βουληθεῖσι
1016 604 1139 675 περὶ
1170 614 1281 658 τῶν
1313 609 1563 658 παλαιῶν
1593 625 1645 658 τι
1676 606 1807 676 γρά-

123 717 250 766 φειν
289 697 574 768 παρέσχεν.
643 697 788 764 <21>
828 696 894 749 οὐ
933 697 1037 764 γὰρ
1078 697 1253 763 μόνον
1292 695 1438 762 παρὰ
1477 704 1591 756 τοῖς
1621 695 1808 758 ἄλλοις

123 785 386 854 ”Ἐλλησιν
424 786 676 854 ἠμελήθη
718 785 782 837 τὰ
828 782 953 853 περὶ
992 784 1087 845 τὰς
1127 782 1472 852 ἀναγραφάς,
1518 781 1639 835 ἀλλ’
1676 780 1807 836 οὐδὲ

121 874 269 944 παρὰ
314 883 430 936 τοῖς
470 870 814 942 Ἀθηναίοις,
861 872 958 934 οὓς
1004 871 1349 940 αὐτόχθονας
1395 868 1538 924 εἶναι
1583 870 1808 939 λέγουσι

121 960 212 1014 καὶ
251 963 501 1024 παιδείας
540 961 835 1029 ἐπιμελεῖς,
875 957 1043 1014 οὐδὲν
1081 968 1335 1013 τοιοῦτον
1375 959 1681 1028 εὑρίσκεται
1720 980 1807 1028 γε-

58 1075 99 1105 10
122 1052 379 1120 νόμενον,
420 1049 559 1103 ἀλλὰ
597 1059 708 1102 τῶν
741 1051 1023 1118 δημοσίων
1054 1048 1385 1118 γραμμάτων
1417 1047 1808 1117 ἀρχαιοτάτους

120 1134 270 1191 εἷναί
301 1152 437 1208 φασι
477 1141 608 1201 τοὺς
637 1138 746 1191 ὑπὸ
779 1138 1100 1207 Δράκοντος
1131 1137 1316 1199 αὐτοῖς
1350 1135 1475 1206 περὶ
1505 1146 1618 1190 τῶν
1648 1158 1806 1206 φονι-

119 1234 232 1279 κῶν
287 1226 595 1298 γραφέντας
645 1228 878 1295 νόμους,
934 1226 1103 1299 ὀλίγῳ
1157 1228 1427 1295 πρότερον
1477 1233 1572 1294 τῆς
1617 1230 1807 1278 Πεισι-

120 1315 356 1384 στράτου
394 1318 728 1383 τυραννίδος
767 1314 1070 1385 ἀνθρώπου
1114 1316 1421 1383 γεγονότος.
1499 1315 1644 1383 <22>
1682 1313 1806 1384 περὶ

119 1401 221 1472 μὲν
267 1405 372 1474 γὰρ
414 1402 696 1474 Ἀρκάδων
742 1406 801 1456 τί
850 1405 939 1456 δεῖ
988 1402 1170 1471 λέγειν
1218 1402 1542 1473 αὐχούντων
1588 1401 1806 1473 ἀρχαιό-

53 1516 94 1548 15
118 1511 276 1560 τητα;
340 1495 500 1561 μόλις
552 1493 656 1562 γὰρ
712 1488 867 1545 οὗτοι
920 1490 1013 1545 καὶ
1074 1492 1206 1561 μετὰ
1260 1498 1430 1544 ταῦτα
1491 1491 1806 1561 γράμμασιν

118 1578 546 1649 ἐπαιδεύθησαν.

227 1668 373 1738 <23>
419 1670 511 1722 ἅτε
560 1670 628 1737 δὴ
675 1672 869 1722 τοίνυν
914 1668 1174 1737 οὐδεμιᾶς
1219 1666 1806 1736 προκαταβεβλημένης

118 1755 465 1827 ἀναγραφῆς,
510 1757 544 1825 ἣ
591 1755 684 1810 καὶ
722 1759 852 1820 τοὺς
895 1762 1099 1826 μαθεῖν
1139 1754 1515 1824 βουλομένους
1562 1754 1806 1819 διδάξειν

117 1847 306 1915 ἔμελλε
347 1845 438 1899 καὶ
477 1848 607 1909 τοὺς
643 1844 1026 1914 ψευδομένους
1065 1844 1323 1914 ἐλέγξειν,
1369 1844 1402 1913 ἡ
1449 1844 1624 1912 πολλὴ
1670 1846 1808 1913 πρὸς

10 1953 14 1955 ·
52 1960 96 1991 20
120 1934 393 2004 ἀλλήλους
439 1933 654 2002 ἐγένετο
704 1935 982 2003 διαφωνία
1027 1943 1143 1997 τοῖς
1189 1940 1583 2003 συγγραφεῦσι.
1661 1932 1808 2002 <24>

118 2021 384 2092 δευτέραν
433 2019 494 2075 δὲ
546 2024 685 2092 πρὸς
729 2024 899 2094 ταύτῃ
954 2023 1150 2076 θετέον
1197 2022 1414 2091 ἐκείνην
1460 2023 1562 2090 τὴν
1608 2023 1806 2074 αἰτίαν.

118 2113 177 2165 οἱ
217 2113 322 2182 γὰρ
370 2109 459 2164 ἐπὶ
503 2113 565 2164 τὸ
613 2112 850 2182 γράφειν
890 2112 1228 2183 ὁρμήσαντες
1267 2111 1334 2165 οὐ
1371 2109 1497 2180 περὶ
1534 2111 1637 2179 τὴν
1676 2109 1806 2177 ἀλή-

115 2206 280 2254 θειαν
328 2199 699 2269 ἐσπούδασαν,
748 2204 925 2254 καίτοι
971 2207 1132 2254 τοῦτο
1179 2202 1476 2270 πρόχειρόν
1523 2198 1673 2252 ἐστιν
1719 2197 1805 2251 ἀεὶ

115 2290 177 2341 τὸ
218 2288 554 2358 ἐπάγγελμα,
598 2292 781 2358 λόγων
821 2286 882 2341 δὲ
923 2289 1162 2358 δύναμιν
1202 2288 1614 2342 ἐπεδείκνυντο·
1662 2287 1806 2356 <25>

48 2401 90 2433 25
115 2376 206 2430 καὶ
265 2375 396 2430 καθ’
445 2378 636 2431 ὅντινα
689 2380 896 2447 τρόπον
952 2377 1012 2430 ἐν
1065 2378 1242 2450 τούτῳ
1304 2377 1804 2446 παρευδοκιμήσειν

1839 1682 1864 1721 5

115 2468 247 2529 τοὺς
306 2467 508 2529 ἄλλους
569 2466 982 2536 ὑπελάμβανον,
1042 2467 1178 2519 κατὰ
1229 2474 1429 2520 τοῦτον
1483 2465 1838 2536 ἡρμόζοντο,.

114 2552 262 2618 τινὲς
297 2552 398 2624 μὲν
431 2553 518 2608 ἐπὶ
549 2557 611 2609 τὸ
646 2558 986 2624 μυθολογεῖν
1016 2557 1359 2624 τρεπόμενοι,
1399 2551 1546 2617 τινες
1577 2553 1639 2606 δὲ
1669 2556 1805 2623 πρὸς

79 2643 277 2720 ’χάριν
317 2643 350 2713 ἢ
390 2644 498 2706 τὰς,
522 2646 710 2706 πόλεις
746 2643 779 2712 ἢ
819 2645 948 2706 τοὺς
984 2642 1242 2712 βασιλέας
1280 2643 1649 2705 ἐπαινοῦντες.
1709 2643 1803 2695 ἄλ-

115 2736 204 2786 λοι
253 2729 303 2784 δ’
334 2731 421 2785 ἐπὶ
467 2735 529 2785 τὸ
576 2741 903 2801 κατηγορεῖν
942 2741 1053 2785 τῶν
1091 2732 1340 2803 πράξεων
1379 2731 1411 2801 ἢ
1459 2741 1570 2785 τῶν
1609 2751 1804 2801 γεγρα-

47 2841 92 2874 εο
115 2822 304 2890 φότων
359 2819 671 2891 ἐχώρησαν,
733 2819 1183 2891 ἐνευδοκιμήσειν
1236 2822 1412 2894 τούτῳ
1474 2823 1804 2890 νομίζοντες.

0 2898 3 2900 ’
115 2909 262 2980 <26>
302 2909 442 2972 ὅλως
482 2907 543 2963 δὲ
582 2912 644 2964 τὸ
683 2910 908 2963 πάντων
947 2909 1347 2964 ἐναντιώτατον
1389 2910 1602 2981 ἱστορίᾳ
1638 2909 1803 2980 πράτ-
