2032 3128
116 2121 169 2159 15

203 114 311 166 318
757 117 861 158 ΕΙΣ
891 118 1329 161 ΜΑΚΚΑΒΑΙΟΤΣ

203 252 510 302 νεανίσκων
549 249 775 302 ἐκείνων
812 250 1080 319 ὑπήνεγκε
1126 252 1222 314 τὰς
1268 250 1356 321 ἐφ’
1396 250 1480 306 ἑνὶ
1528 251 1733 324 ἑκάστῳ
1774 262 1884 305 τῶν

202 336 409 390 τέκνων
448 336 720 406 στρέβλας.
790 343 1051 406 θεωρεῖτε
1091 337 1153 392 δὲ
1191 349 1306 403 πῶς
1350 342 1698 403 πολύπλοκός
1736 340 1884 394 ἐστιν

201 425 235 492 ἡ
281 433 375 492 τῆς
421 428 768 494 φιλοτεκνίας
815 429 1045 496 στοργή,
1099 427 1333 482 ἕλκουσα
1382 429 1559 482 πάντα
1604 430 1741 497 πρὸς
1785 429 1885 496 τὴν

201 522 313 566 τῶν
359 514 689 584 σπλάγχνων
738 515 1108 584 συμπάθειαν,
1163 516 1303 570 ὅπου
1349 537 1410 585 γε
1463 515 1555 570 καὶ
1601 519 1666 570 τὰ
1713 518 1884 584 ἄλογα

205 604 310 673 ζῷα
350 602 547 670 ὁμοίαν
585 604 686 670 τὴν
723 605 860 672 πρὸς
897 603 962 655 τὰ
1002 603 1055 667 ἐξ
1097 603 1282 658 αὐτῶν
1319 607 1636 674 γεννώμενα
1674 604 1885 673 συμπά-
1930 627 1952 660 5
2031 645 2032 676 ἢ

201 696 366 743 θειαν
411 689 502 743 καὶ
549 693 789 760 στοργὴν
836 693 944 760 ἔχει
990 701 1105 754 τοῖς
1159 692 1493 761 ἀνθρώποις.
1570 695 1750 761 <171>
1794 691 1886 745 καὶ
2031 677 2032 694 ³

202 779 306 848 γὰρ
345 788 455 832 τῶν
492 788 758 832 πετεινῶν
796 780 863 832 τὰ
902 777 1004 848 μὲν
1042 781 1216 850 ἥμερα
1254 782 1388 834 κατὰ
1427 782 1524 844 τὰς
1555 783 1731 844 οἰκίας
1761 781 1885 849 ὀρο-

201 875 568 937 φοκοιτοῦντα
606 856 926 936 προασπίζει
963 877 1075 922 τῶν
1113 879 1370 937 νεοττῶν,
1416 871 1482 922 τὰ
1523 866 1584 922 δὲ
1622 870 1757 922 κατὰ
1795 889 1886 922 κο-

203 957 381 1025 ρυφὰς
427 965 537 1009 τῶν
577 954 755 1025 ὀρέων
793 954 885 1009 καὶ
931 956 1259 1027 ἀπορρῶγας
1302 967 1413 1011 τῶν
1452 958 1755 1027 φαράγγων
1793 955 1885 1010 καὶ

203 1043 452 1112 δένδρων
493 1044 629 1106 ὀπὰς
674 1046 765 1097 καὶ
810 1045 905 1107 τὰς
951 1046 1164 1099 τούτων
1204 1047 1372 1115 ἄκρας
1421 1045 1885 1114 ε’ννοσσοποιησά-
1910 1069 1952 1100 10

202 1152 339 1202 μενα
386 1132 662 1185 ἀποτίκτει
707 1131 799 1186 καὶ
844 1135 942 1187 τὸν
988 1136 1291 1202 προσιόντα
1337 1135 1560 1187 κωλύει·
1611 1135 1792 1203 <172>
1839 1135 1890 1186 εί

202 1218 263 1274 δὲ
318 1220 407 1274 καὶ
462 1223 534 1290 μὴ
591 1222 824 1274 δύναται
878 1223 1131 1292 κωλύειν,
1185 1224 1557 1292 περιπτάμενα
1610 1225 1886 1276 κυκλόθεν

201 1310 384 1363 αὐτῶν
437 1310 714 1378 ἀλγοῦντα
767 1319 832 1380 τῇ
889 1318 1117 1381 στοργῇ,
1181 1311 1600 1381 ἀνακαλούμενα
1651 1319 1716 1381 τῇ
1772 1311 1887 1382 ἰδίᾳ

201 1407 387 1469 φωνῇ,
440 1398 573 1452 καθ’
615 1399 680 1452 ὃν
721 1400 952 1452 δύναται
998 1403 1206 1470 τρόπον
1253 1404 1457 1469 βοηθεῖ
1498 1409 1615 1463 τοῖς
1661 1399 1886 1462 τέκνοις.

198 1486 290 1540 καὶ
335 1490 393 1540 τί
435 1488 524 1540 δεῖ
565 1487 666 1555 τὴν
707 1489 799 1540 διὰ
846 1497 957 1541 τῶν
1006 1489 1224 1556 ἀλόγων
1274 1487 1425 1560 ζῴων
1468 1489 1885 1542 ἐπιδείκνυσθαι
1910 1509 1953 1542 15

200 1578 337 1643 πρὸς
366 1577 433 1628 τὰ
464 1575 626 1629 τέκνα
659 1577 1029 1646 συμπάθειαν,
1070 1577 1210 1631 ὅπου
1242 1597 1303 1645 γε
1343 1575 1434 1630 καὶ
1473 1576 1728 1645 μέλισσαι
1762 1574 1886 1643 περὶ

201 1666 298 1718 τὸν
329 1672 423 1733 τῆς
461 1669 792 1734 κηρογονίας
829 1667 1025 1735 καιρὸν
1058 1665 1439 1735 ἀπαμύνονται
1469 1668 1598 1729 τοὺς
1627 1666 1888 1734 προσιόν-

201 1775 321 1822 τας,
367 1752 458 1807 καὶ
503 1753 754 1821 καθάπερ
795 1755 1003 1826 σιδήρῳ
1041 1761 1116 1825 τςό
1166 1753 1374 1826 κέντρῳ
1412 1756 1720 1822 πλήσσουσι
1759 1755 1889 1823 τοὺς

201 1845 532 1909 προσιόντας
587 1849 651 1911 τῇ
714 1850 912 1912 νοσσιᾷ
975 1842 1159 1895 αὐτῶν
1213 1841 1305 1894 καὶ
1362 1840 1734 1909 ἐπαμύνονται
1788 1841 1889 1904 ἕως

200 1931 466 1983 θανάτου.
531 1931 714 1999 <173>
754 1929 871 1983 ἀλλ’
904 1928 1027 2000 οὐχὶ
1059 1931 1161 1998 τὴν
1191 1938 1291 1983 τοῦ
1324 1928 1568 1998 Ἀβραὰμ
1600 1929 1887 1998 ὁμόψυχον
1910 1951 1953 1984 20

202 2029 311 2072 τῶν
373 2022 681 2072 νεανίσκων
742 2017 947 2088 μητέρα
1015 2022 1333 2088 μετεκίνησε
1400 2018 1714 2087 συμπάθεια
1775 2027 1886 2070 τῶν

202 2107 425 2160 τέκνων.
473 2103 515 2159 ὦ
546 2105 772 2176 λογισμὲ
802 2108 1041 2176 τύραννε
1072 2113 1291 2175 παθῶν,
1322 2106 1413 2159 καὶ
1444 2105 1693 2175 εὐσέβεια
1725 2105 1888 2175 μητρὶ

202 2194 410 2248 τέκνων
459 2194 839 2264 ποθεινοτέρα.
916 2195 1100 2264 <174>
1154 2197 1329 2264 μήτηρ
1386 2196 1549 2247 δυοῖν
1601 2193 1887 2263 προκειμέ-

201 2304 335 2351 νων,
376 2284 654 2352 εὐσεβείας
692 2282 781 2336 καὶ
812 2291 907 2353 τῆς
936 2292 1048 2337 τῶν
1083 2282 1215 2336 ἑπτὰ
1247 2284 1386 2336 υἶῶν
1419 2286 1691 2353 σωτηρίας
1721 2297 1888 2351 προσ-

202 2375 397 2442 καίρου
435 2373 572 2425 κατὰ
617 2374 717 2440 τὴν
756 2380 856 2425 τοῦ
903 2372 1184 2440 τυράννου
1231 2360 1548 2442 ὑπόσχεσιν,
1595 2373 1696 2440 τὴν
1737 2370 1889 2424 εὐσέ-
1912 2392 1956 2425 25

203 2464 359 2530 βειαν
391 2465 603 2530 μᾶλλον
635 2461 880 2529 ἠγάπησε
919 2462 1020 2530 τὴν
1052 2463 1337 2525 σώζουσαν
1371 2462 1447 2523 εἰς
1483 2461 1712 2513 αἰώνιον
1746 2462 1888 2529 ζωὴν

201 2551 337 2602 κατὰ
375 2552 529 2603 θεόν.
593 2550 634 2602 ὦ
674 2547 778 2602 τίν’
813 2548 882 2602 ἂν
914 2551 1120 2618 τρόπον
1152 2549 1560 2618 ἠθολογήσαιμι
1592 2550 1889 2618 φιλότεκνα

203 2636 415 2705 γονέων
468 2638 646 2707 πάθη,
701 2646 879 2707 ψυχῆς
930 2657 988 2691 τε
1042 2636 1132 2690 καὶ
1188 2645 1406 2707 μορφῆς
1460 2637 1754 2706 ὁμοιότητα
1810 2639 1889 2699 εἰς

204 2729 401 2797 μικρὸν
423 2728 621 2789 παιδὸς
643 2729 958 2797 χαρακτῆρα
982 2727 1303 2796 θαυμάσιον
1327 2725 1887 2795 ἐναποσφραγίζοντα,

203 2816 436 2884 μάλιστα
484 2816 575 2869 διὰ
621 2817 682 2869 τὸ
728 2815 911 2878 πάθος
961 2824 1077 2877 τοῖς
1131 2820 1454 2883 γεννηθεῖσι
1506 2815 1600 2876 τὰς
1654 2811 1885 2881 μητέρας
1908 2833 1951 2865 30

203 2914 314 2957 τῶν
350 2902 601 2972 πατέρων
640 2904 976 2959 καθεστάναι
1017 2901 1496 2972 συμπαθεστέρας;
1550 2902 1732 2970 <175>
1773 2901 1884 2974 ὅσῳ
