2032 3128
673 118 775 159 ΕΙΣ
804 119 1242 161 ΜΑΚΚΑΒΑΙΟΤΣ
1690 116 1800 169 309

123 252 214 303 διὰ
253 251 353 318 τὴν
385 249 687 317 εὐσέβειαν,
728 252 801 319 μὴ
841 254 1070 322 νομίσῃς
1107 251 1246 320 ἡμᾶς
1285 252 1544 320 βλάπτειν
1575 254 1799 319 βασανί-

124 342 242 402 ζων.
321 338 499 405 <111>
544 337 698 405 ἡμεῖς
750 336 852 408 μὲν
898 339 1002 408 γὰρ
1058 340 1150 392 διὰ
1204 341 1367 408 τῆσδε
1419 348 1512 408 τῆς
1564 359 1799 393 κακοπα-

122 431 280 489 θειάς
318 423 408 478 καὶ
447 425 729 495 ὑπομονῆς
767 428 831 480 τὰ
870 435 965 495 τῆς
1003 427 1196 496 ἀρετῆς
1235 423 1382 481 ἆθλα
1422 433 1666 497 οἴσομεν,
1710 426 1799 480 καὶ

124 514 361 583 ἐσόμεθα
407 515 554 581 παρὰ
600 520 743 586 θεῷ,
793 513 864 568 δι’
905 515 970 568 ὃν
1009 514 1099 569 καὶ
1144 516 1449 585 πάσχομεν·
1498 519 1566 569 σὺ
1608 514 1667 569 δὲ
1709 517 1801 569 διὰ

77 627 98 659 5
121 603 222 670 τὴν
271 601 426 670 ἡμῶν
481 606 805 671 μιαιφονίαν
852 603 1092 672 αὐτάρκη
1147 606 1496 671 καρτερήσεις
1548 604 1654 656 ὑπὸ
1709 612 1802 671 τῆς

122 693 279 752 θείας
318 692 474 759 δίκης
512 692 742 744 αἰώνιον
781 691 1063 759 βάσανον.’

231 779 413 847 (112)
452 779 662 832 τούτων
703 779 876 842 οὕτως
914 782 1202 848 εἰπόντων,
1246 780 1312 834 οὐ
1353 783 1528 848 μόνον
1568 782 1641 842 ὡς
1678 778 1800 833 κατ’

122 867 505 920 ἀπειθούντων
557 866 910 936 ἐχαλέπαινεν
962 868 991 921 ὁ
1046 869 1340 937 τύραννος,
1396 867 1533 920 ἀλλά
1587 867 1676 920 καὶ
1732 869 1805 930 ὡς

121 952 239 1007 κατ’
272 954 579 1024 ἀχαρίστων
618 955 884 1023 ὠργίσθη.
946 954 1119 1018 εὐθὺς
1158 951 1260 1009 οὖν
1292 958 1390 1010 τὸν
1428 957 1804 1024 πρεσβύτατον

55 1068 98 1100 10
121 1040 305 1096 αὐτῶν
357 1042 747 1106 κελευσθέντες
802 1047 1125 1113 παρήγαγον
1181 1045 1239 1098 οὗ
1290 1044 1652 1111 ὑπασπισταί,
1714 1042 1804 1096 καὶ

122 1130 512 1200 διαρρήξαντες
558 1133 656 1185 τὸν
703 1141 907 1201 χιτῶνα
955 1131 1220 1201 διέδησαν
1265 1134 1363 1195 τὰς
1407 1142 1589 1203 χεῖρας
1635 1132 1806 1185 αὐτοῦ

120 1218 212 1272 καὶ
251 1222 379 1282 τοὺς
417 1223 714 1290 βραχίονας
755 1221 944 1288 ἱμᾶσιν
983 1218 1338 1290 ἑκατέρωθεν.
1408 1220 1590 1289 <113>
1631 1221 1703 1282 ὡς
1743 1217 1804 1273 δὲ

121 1309 413 1370 τύπτοντες
467 1317 585 1370 ταῖς
644 1307 896 1376 μάστιξιν
952 1308 1248 1362 ἐκοπίασαν
1306 1307 1471 1362 οὐδὲν
1526 1308 1806 1377 ἀνύοντες,

122 1395 394 1464 ἀνέβαλον
442 1396 612 1449 αὐτὸν
652 1394 740 1449 ἐπὶ
786 1397 883 1449 τὸν
930 1399 1155 1466 τροχόν·
1210 1395 1335 1463 περὶ
1385 1397 1450 1450 ὃν
1497 1399 1807 1450 κατατεινό-

55 1511 98 1542 15
121 1503 284 1553 μενος
322 1483 351 1537 ὁ
391 1483 617 1551 εὐγενὴς
663 1487 886 1547 νεανίας
933 1484 1201 1554 ἔξαρθρος
1249 1484 1484 1553 ἐγίνετο,
1533 1483 1623 1538 καὶ
1670 1485 1806 1537 κατὰ

120 1580 231 1625 πᾶν
261 1571 424 1640 μέλος
453 1573 734 1641 κλώμενος
765 1573 1085 1642 ἐκακηγόρει
1119 1572 1295 1640 λέγων
1330 1573 1512 1640 <114>
1545 1573 1808 1640 ττύραννε

121 1662 425 1729 μιαρώτατε
465 1659 555 1713 καὶ
592 1668 688 1729 τῆς
719 1661 985 1728 οὐρανίου
1019 1662 1174 1728 δίκης
1206 1658 1370 1731 ἐχθρὲ
1402 1660 1492 1714 καὶ
1526 1661 1807 1730 ὠμόφρον,

122 1749 223 1801 οὐκ
254 1748 754 1818 ἀνδροφονήσαντά
793 1769 858 1818 με
889 1758 1087 1803 τοῦτον
1119 1752 1442 1813 καταικίζεις
1472 1751 1568 1803 τὸν
1600 1751 1808 1820 τρόπον

121 1835 241 1890 οὐδ’
288 1837 660 1906 ἀσεβήσαντα,
719 1838 858 1891 ἀλλὰ
913 1841 1076 1891 θείου
1131 1840 1308 1906 νόμου
1368 1837 1806 1907 προασπίζοντα.’

10 1939 13 1942 '
56 1951 98 1982 20
122 1926 305 1995 <115>
336 1924 427 1978 καὶ
459 1935 570 1978 τῶν
595 1927 930 1995 δορυφόρων
955 1929 1232 1993 λεγόντων
1265 1926 1412 1998 αὐτῷ
1442 1926 1808 1995 (ὁμολόγησον

122 2023 340 2083 φαγεῖν,
388 2014 534 2076 ὅπως
580 2013 897 2084 ἀπαλλαγῇς
941 2025 1053 2068 τῶν
1100 2015 1396 2084 βασάνων,’
1445 2015 1609 2077 αὐτὸς
1655 2010 1807 2067 εἶπεν

122 2102 307 2164 αὐτοῖς
354 2101 473 2172 (οὐχ
522 2103 696 2165 οὕτως
745 2104 967 2173 ἰσχυρός
1014 2102 1164 2156 ἐστιν
1211 2103 1367 2172 ὑμῶν
1416 2103 1445 2156 ὁ
1492 2106 1713 2173 τροχός,
1764 2099 1808 2155 ὦ

121 2189 308 2259 μιαροὶ
342 2191 609 2260 διάκονοι,
649 2192 788 2244 ὥστε
820 2212 928 2260 μου
960 2195 1057 2245 τὸν
1091 2193 1358 2260 λογισμὸν
1389 2191 1565 2260 ἄγξαι.
1625 2191 1808 2259 <116>

120 2279 346 2349 τέμνετέ
394 2300 502 2347 μου
556 2280 621 2332 τὰ
675 2278 810 2348 μέλη
865 2278 955 2332 καὶ
1008 2278 1255 2346 πυροῦτέ
1305 2299 1413 2347 μου
1460 2280 1556 2342 τὰς
1607 2279 1809 2348 σάρκας

55 2391 97 2424 25
121 2367 211 2421 καὶ
252 2371 578 2437 στρεβλοῦτε
614 2369 679 2421 τὰ
715 2369 925 2437 ἄρθρα·
966 2369 1058 2421 διὰ
1096 2377 1289 2421 πασῶν
1322 2369 1426 2436 γὰρ
1459 2369 1600 2436 ὑμᾶς
1637 2370 1808 2420 πείσω

121 2467 231 2510 τῶν
270 2457 532 2526 βασάνων
571 2457 654 2510 ὅτι
693 2460 856 2526 μόνοι
898 2458 1089 2519 παῖδες
1128 2455 1400 2526 Ἑβραίων
1438 2454 1575 2526 ὑπὲρ
1616 2456 1810 2526 ἀρετῆς

121 2547 263 2598 εἰσιν
296 2545 578 2613 ἀνίκητοι.’
641 2546 823 2613 <117>
855 2553 1024 2599 ταῦτα
1056 2543 1273 2612 λέγοντι
1307 2553 1417 2613 πῦρ
1450 2543 1808 2614 ὑπέστρωσαν

121 2632 211 2686 καὶ
245 2633 591 2702 διηρέθισαν,
623 2635 720 2686 τὸν
748 2635 948 2703 τροχὸν
978 2635 1649 2701 προσεπικατατείνοντες·
1684 2632 1807 2701 ἐμο-

122 2723 316 2776 λύνετο
357 2719 418 2775 δὲ
456 2722 739 2775 πάντοθεν
772 2722 958 2790 αἵματι
998 2721 1026 2774 ὁ
1067 2723 1278 2790 τροχός,
1317 2719 1407 2773 καὶ
1441 2721 1470 2774 ὁ
1504 2723 1682 2791 σωρὸς
1712 2730 1808 2789 τῆς

52 2831 96 2864 30
121 2810 427 2880 ἀνθρακιᾶς
462 2819 577 2873 τοῖς
607 2819 718 2863 τῶν
752 2810 967 2880 ἰχώρων
1001 2808 1298 2878 ἐσβέννυτο
1331 2813 1677 2878 σταλαγμοῖς,
1715 2808 1806 2863 καὶ

118 2898 243 2968 περὶ
290 2901 418 2962 τοὺς
463 2898 662 2962 ἄξονας
707 2906 806 2952 τοῦ
854 2899 1096 2968 ὀργάνου
1138 2896 1459 2967 περιέρρεον
1499 2899 1560 2951 αἱ
1595 2898 1809 2970 σάρκες.
