2032 3128
231 91 302 142 94
659 92 783 134 ΤΟΤ
815 91 1155 133 ΙΟΥΔΑΙΚΟΤ
1185 91 1493 133 ΠΟΛΕΜΟΥ

225 223 569 292 ἐπιστρέψαι,
630 224 814 294 (155)
861 223 950 278 καὶ
998 225 1257 286 κελεύσας
1307 223 1623 293 ἀπαχθῆναι
1668 224 1769 292 τὴν
1816 223 1903 277 ἐπὶ

221 313 449 385 θανάτῳ
489 322 599 365 τῶν
638 311 1027 366 ἀπολεσάντων
1059 320 1405 381 στρατιωτῶν
1439 311 1559 378 ἕνα,
1599 314 1757 385 φόβῳ
1789 321 1903 375 τοῖς

222 402 409 462 ἄλλοις
441 400 666 469 ἐτήρησε
698 403 828 464 τοὺς
859 402 1078 463 ἵππους·
1121 399 1304 453 οὐκέτι
1336 401 1439 469 γὰρ
1466 405 1595 453 εἴων
1619 399 1903 469 νέμεσθαι,

219 489 470 556 καθάπερ
496 486 557 541 δὲ
583 492 998 557 συμπεφυκότες
1023 487 1210 550 αὐτοῖς
1242 487 1330 541 ἐπὶ
1362 489 1456 551 τὰς
1479 491 1663 559 χρείας
1688 488 1901 559 ἐξῇσαν.

331 577 512 646 (156)
555 580 613 630 οἳ
651 574 752 646 μὲν
793 573 895 631 οὖν
933 575 1383 646 προσεπολέμουν
1422 585 1496 649 τςό
1539 578 1665 648 ίερςό
1706 576 1796 630 καὶ
1835 578 1902 630 τὰ
1946 601 1967 634 5

215 665 437 733 χώματα
477 667 781 735 διήγειρον·
827 666 1009 734 <157>
1042 666 1174 734 μετὰ
1208 665 1268 717 δὲ
1300 669 1431 733 μίαν
1470 664 1679 734 ἡμέραν
1718 665 1900 717 αὐτῶν

213 760 309 821 τῆς
356 752 566 807 ἀνόδου
611 752 808 807 πολλοὶ
856 763 966 806 τῶν
1016 763 1383 822 στασιαστῶν,
1431 747 1512 817 οἷς
1560 753 1803 821 ἁρπαγαί
1843 753 1897 805 τ’

214 839 502 895 ἐπέλειπον
547 843 653 911 ἤδη
698 840 792 895 καὶ
841 842 869 896 ὁ
917 843 1075 911 λιμὸς
1113 843 1328 911 ἤπειγε,
1376 845 1740 906 συνελθόντες
1784 853 1901 906 ταῖς

195 919 347 982 κατὰ
387 932 448 983 τὸ
483 927 716 983 Ἐλαιῶν
757 932 884 998 ὄρος
913 928 1194 999 Ῥωμαίων
1233 934 1505 999 φυλακαῖς
1544 930 1900 1000 ἐπιτίθενται,

209 1016 335 1086 περὶ
369 1019 520 1087 ὥραν
553 1017 850 1088 ἑνδεκάτην
883 1026 977 1087 τῆς
1008 1017 1230 1089 ἡμέρας,
1270 1021 1513 1087 οἰόμενοι
1544 1030 1764 1088 πρῶτον
1796 1017 1898 1089 μὲν
1924 1024 1965 1076 ιο

210 1106 521 1174 ἀδοκήτων,
571 1109 754 1159 ε”πειτα
802 1109 940 1175 πρὸς
985 1110 1307 1177 θεραπείαις
1352 1109 1457 1176 ἤδη
1505 1118 1606 1162 τοῦ
1653 1110 1899 1178 σώματος

209 1196 388 1247 ὄντων
440 1195 646 1266 ῥᾳδίως
698 1197 1051 1248 διεκπαίσειν.
1130 1196 1310 1262 <158>
1357 1200 1796 1266 προαισθόμενοι
1837 1194 1899 1250 δὲ

206 1284 307 1351 τὴν
347 1286 554 1353 ἔφοδον
602 1284 659 1337 οὗ
696 1282 974 1353 Ῥωμαῖοι,
1019 1283 1109 1337 καὶ
1157 1283 1359 1354 ταχέως
1406 1284 1465 1337 ἐκ
1511 1294 1622 1338 τῶν
1660 1289 1897 1354 πλησίον

205 1376 495 1442 φρουρίων
543 1374 979 1441 συνδραμόντες,
1029 1369 1215 1441 εἶργον
1265 1374 1592 1443 ὑπερπηδᾶν
1638 1372 1730 1426 καὶ
1778 1375 1897 1426 δια-

203 1463 425 1514 κόπτειν
472 1463 532 1514 τὸ
576 1465 953 1531 περιτείχισμα
999 1461 1373 1531 βιαζομένους.
1450 1461 1632 1531 <159>
1672 1460 1895 1532 γενομέ-
1920 1484 1961 1517 15

203 1569 303 1616 νης
354 1547 415 1602 δὲ
462 1558 725 1620 καρτερᾶς
775 1557 869 1618 τῆς
917 1553 1196 1619 συμβολῆς
1246 1551 1385 1603 ἄλλα
1435 1569 1491 1603 τε
1537 1551 1714 1604 πολλὰ
1759 1548 1887 1620 παρ’
1954 1544 1957 1546 ξ

204 1635 475 1707 ἑκατέρων
522 1641 792 1707 γενναίως
841 1639 1118 1709 ἐπράχθη,
1157 1637 1435 1708 Ῥωμαίων
1482 1635 1583 1708 μὲν
1629 1639 1763 1707 μετὰ
1801 1646 1895 1707 τῆς

201 1727 390 1796 ἰσχύος
430 1726 681 1798 ἐμπειρίᾳ
719 1735 819 1780 τοῦ
858 1732 1119 1796 πολεμεῖν
1158 1726 1481 1798 χρωμένων,
1514 1725 1802 1780 Ἰουδαίων
1836 1725 1885 1780 δ’

200 1814 452 1884 ἀφειδέσι
515 1826 633 1878 ταῖς
686 1817 882 1887 ὁρμαῖς
935 1815 1026 1869 καὶ
1080 1825 1194 1879 τοῖς
1246 1821 1453 1885 θυμοῖς
1507 1814 1894 1886 ἀκατασχέτοις

198 1903 379 1972 <16Ο>
430 1901 772 1975 (ἐστρατήγει
814 1902 875 1957 δὲ
914 1913 1024 1957 τῶν
1065 1901 1166 1974 μὲν
1206 1905 1376 1967 αἰδὼς
1414 1913 1524 1957 τῶν
1565 1901 1614 1956 δ’
1656 1903 1888 1974 ἀνάγκη·
1914 1927 1959 1960 20

198 1995 261 2045 τό
308 2012 366 2045 τε
411 1994 516 2063 γὰρ
566 1993 846 2063 ἐξαφεῖναι
880 1991 1187 2057 Ἰουδαίους
1234 1994 1418 2064 ὥσπερ
1467 1994 1703 2063 ἄρκυσιν
1755 1993 1891 2047 ἐνει-

194 2079 508 2150 λημμένους
547 2080 830 2151 Ῥωμαίοις
877 2087 1160 2151 αἴσχιστον
1209 2081 1414 2150 ἐδόκει,
1465 2081 1711 2136 κάκεῖνοι
1758 2084 1890 2152 μίαν

194 2169 388 2222 ἐλπίδα
429 2174 698 2239 σωτηρίας
737 2167 888 2240 εἶχον
901 2211 917 2239 ,
965 2172 1016 2223 εἰ
1052 2171 1379 2240 βιασάμενοι
1420 2170 1643 2241 ῥήξειαν
1681 2171 1743 2223 τὸ
1782 2180 1890 2224 τεῖ-

190 2255 334 2329 χος),
390 2257 574 2326 <161>
613 2256 702 2310 καὶ
742 2267 855 2311 τῶν
895 2257 1001 2312 ἀπὸ
1036 2261 1262 2327 σπείρας
1300 2278 1382 2321 τις
1423 2257 1658 2328 ἱππέων,
1704 2260 1889 2312 Πεδά-

188 2366 309 2408 νιος
368 2346 644 2415 τοῦνομα,
707 2345 1062 2415 τρεπομένων
1122 2349 1228 2416 ἤδη
1290 2356 1402 2400 τῶν
1450 2345 1740 2400 Ἰουδαίων
1795 2347 1883 2400 καὶ
1912 2369 1955 2402 25

187 2435 323 2487 κατὰ
362 2441 459 2502 τῆς
497 2435 783 2504 φάραγγος
823 2435 1276 2505 συνωθουμένων
1318 2437 1522 2505 ῥόθιον
1555 2435 1614 2489 ἐκ
1646 2439 1885 2504 πλαγίου

185 2525 551 2591 παρελαύνων
597 2525 695 2576 τὸν
743 2525 944 2592 ἵππον,
996 2524 1222 2594 ἁρπάζει
1273 2525 1398 2578 τινὰ
1445 2525 1724 2594 φεύγοντα
1772 2533 1884 2578 τῶν

183 2615 500 2681 πολεμίων,
551 2615 780 2666 νεανίαν
831 2615 1096 2683 στιβαρόν
1148 2609 1194 2666 τ’
1240 2614 1420 2675 ἄλλως
1469 2614 1531 2666 τὸ
1585 2621 1741 2681 σῶμα
1791 2610 1884 2665 καὶ

181 2699 674 2769 καθωπλισμένον,
725 2700 1064 2772 δραξάμενος
1114 2702 1174 2755 ἐκ
1219 2709 1320 2756 τοῦ
1371 2709 1606 2771 σφυροῦ.
1684 2701 1883 2770 <162>

179 2796 448 2842 τοσοῦτον
481 2786 582 2858 μὲν
616 2787 814 2843 ἑαυτὸν
848 2790 907 2843 ἐκ
942 2790 1233 2860 τρέχοντος
1272 2790 1521 2844 ἐπέκλινε
1553 2797 1652 2843 τοῦ
1687 2790 1879 2859 ἵππου,
1903 2810 1947 2842 30

178 2885 448 2930 τοσοῦτον
501 2874 552 2930 δ’
590 2877 901 2943 ἐπεδείξατο
953 2887 1049 2947 τῆς
1094 2899 1150 2933 τε
1202 2878 1384 2943 δεξιᾶς
1431 2881 1529 2932 τὸν
1575 2881 1744 2932 τόνον
1791 2876 1883 2931 καὶ
