2032 3128
710 82 923 124 ΛΟΓΟΣ
955 83 1255 123 ΠΕΜΠΤΟΣ
1748 81 1776 132 7
1783 81 1816 133 3

140 211 229 266 καὶ
276 211 477 282 μέτρον
525 216 633 284 ἔχει
679 213 770 267 καὶ
815 217 1013 284 φόβοις
1058 214 1437 283 ὑποτάττεται,
1485 217 1618 278 θεὸς
1657 214 1706 268 δ’
1751 211 1821 284 ἧν

142 301 170 355 ὁ
210 308 308 354 τοῦ
349 305 487 354 λαοῦ
532 303 735 365 παντὸς
773 306 1099 373 κατακρίνας
1137 301 1227 355 καὶ
1270 310 1452 356 πᾶσαν
1492 304 1677 367 αὐτοῖς
1716 318 1822 357 σω-

141 393 328 460 τηριάς
366 390 500 444 ὁδὸν
539 392 617 453 εἰς
655 389 932 444 ἀπώλειαν
971 389 1348 460 ἀποστρέφων.
1401 392 1581 461 <560>
1621 392 1650 445 ὃ
1683 400 1823 460 γοῦν

141 474 252 547 μετ’
300 478 522 546 ἀπειλῆς
561 478 788 532 ἀπεῖπεν
829 480 858 534 ὁ
898 482 1143 548 Καῖσαρ,
1184 479 1368 550 λάθρα
1405 481 1541 532 κατὰ
1578 490 1688 533 τῶν
1728 481 1823 533 αὐ-

96 569 391 634 5τομόλων
443 565 735 636 ἐτολμᾶτο,
786 566 877 621 καὶ
930 570 1060 630 τοὺς
1115 568 1639 638 διαδιδράσκοντας,
1691 566 1824 637 πρὶν

139 662 307 707 πᾶσιν
344 654 611 724 ὀφθῆναι,
650 665 1107 725 προαπαντῶντες
1139 657 1410 724 ἔσφαττον
1444 657 1502 709 οἱ
1534 657 1824 726 βάρβαροι,

138 744 634 812 περισκοπούμενοι
667 740 727 796 δὲ
759 747 831 812 μή
871 764 954 807 τις
993 743 1174 797 ἐπίδοι
1204 741 1482 812 Ῥωμαίων
1522 742 1824 812 ἀνέσχιζον,

138 830 241 884 κάκ
279 839 390 884 τῶν
430 831 760 900 σπλάγχνων
798 834 859 886 τὸ
899 833 1101 901 μιαρὸν
1139 830 1336 902 κέρδος
1379 825 1578 886 εἷλκον.
1642 832 1825 900 <561>

140 921 348 988 ὀλίγοις
380 917 428 972 δ’
465 919 832 990 ἐνευρίσκετο,
863 919 956 973 καὶ
987 923 1118 983 τοὺς
1147 923 1387 984 πολλοὺς
1417 922 1826 991 παρανήλισκεν

76 1035 119 1067 10
144 1007 293 1071 ἐλπὶς
333 1010 490 1077 μόνη.

0 1108 1 1115 ’
250 1095 431 1165 <562>
470 1104 632 1150 τοῦτο
672 1094 773 1165 μὲν
814 1098 882 1165 δὴ
921 1099 983 1151 τὸ
1022 1097 1203 1159 πάθος
1241 1100 1482 1160 πολλοὺς
1519 1104 1630 1150 τῶν
1670 1096 1826 1150 αὐτο-

139 1187 325 1254 μόλων
373 1184 738 1253 ἐπανήγαγεν·
795 1183 1054 1254 Ἰωάννης
1101 1183 1174 1253 δ’,
1224 1186 1296 1248 ὡς
1336 1184 1596 1239 ἐπέλιπον
1637 1187 1698 1238 αἱ
1732 1185 1827 1254 ἀρ-

138 1272 307 1342 παγαὶ
345 1275 492 1342 παρὰ
530 1281 630 1327 τοῦ
669 1275 868 1342 δήμου,
906 1275 1043 1343 πρὸς
1076 1275 1396 1341 ἱεροσυλίαν
1429 1272 1699 1343 ἐτρέπετο,
1737 1272 1828 1327 καὶ

137 1363 314 1416 πολλὰ
353 1359 454 1431 μὲν
485 1371 595 1415 τῶν
628 1361 1001 1431 ἀναθημάτων
1040 1364 1414 1432 κατεχώνευεν
1448 1361 1507 1415 ἐκ
1538 1371 1637 1416 τοῦ
1668 1370 1829 1430 ναοῦ,

72 1475 114 1508 15
137 1451 314 1504 πολλὰ
353 1447 415 1503 δὲ
453 1459 564 1504 τῶν
602 1453 739 1521 πρὸς
777 1453 873 1514 τὰς
910 1454 1255 1521 λειτουργίας
1294 1450 1609 1520 ἀναγκαίων
1641 1452 1828 1520 σκεύη,

137 1540 411 1609 κρατῆράς
457 1559 514 1592 τε
561 1539 653 1593 καὶ
700 1543 935 1603 πίνακας
979 1539 1072 1594 καὶ
1117 1539 1392 1610 τραπέζας.
1472 1538 1733 1610 ἀπέσχετο
1774 1538 1823 1593 δ’

139 1625 271 1682 οὐδὲ
308 1636 420 1681 τῶν
459 1628 568 1682 ὑπὸ
614 1637 714 1682 τοῦ
755 1632 1046 1697 Σεβαστοῦ
1083 1628 1174 1682 καὶ
1220 1636 1316 1698 τῆς
1358 1631 1619 1696 γυναικὸς
1658 1629 1830 1682 αὐτοῦ

138 1715 508 1786 πεμφθέντων
565 1718 980 1789 ἀκρατοφόρων.
1057 1719 1238 1787 <563>
1292 1719 1351 1772 oc
1400 1715 1502 1787 μὲν
1560 1719 1664 1788 γὰρ
1709 1717 1831 1771 Ῥω-

140 1809 318 1875 μαίων
373 1809 619 1875 βασιλεῖς
673 1806 937 1877 ἐτίμησάν
995 1827 1052 1859 τε
1107 1805 1198 1860 καὶ
1258 1809 1716 1876 προσεκόσμησαν
1770 1809 1831 1861 τὸ

13 1930 17 1932 >
73 1919 115 1951 20
143 1894 294 1964 ἱερὸν
333 1894 444 1947 ἀεί·
484 1897 607 1948 τότε
649 1893 699 1948 δ’
747 1896 776 1949 ὁ
812 1893 1084 1959 Ἰουδαῖος
1120 1893 1212 1958 καὶ
1252 1896 1318 1948 τὰ
1355 1904 1467 1949 τῶν
1499 1894 1832 1965 ἀλλοφύλων

140 1982 393 2036 κατέσπα.
450 1984 631 2052 <564>
669 1986 807 2053 πρὸς
843 1981 903 2037 δὲ
933 1986 1064 2048 τοὺς
1104 1987 1375 2046 συνόντας
1415 1986 1602 2052 ἔλεγεν
1643 1985 1716 2047 ὡς
1748 1986 1838 2037 δεῖ

141 2070 253 2141 μετ’
295 2071 482 2135 ἀδείας
511 2074 962 2143 καταχρήσασθαι
994 2082 1108 2136 τοῖς
1138 2076 1319 2136 θείοις
1348 2070 1487 2143 ὑπὲρ
1518 2081 1619 2126 τοῦ
1649 2075 1832 2140 θείου,

140 2159 231 2214 καὶ
271 2163 400 2224 τοὺς
436 2168 512 2232 τῷ
551 2163 667 2232 ναςό
708 2165 1178 2231 στρατευομένους
1209 2161 1264 2226 ἐξ
1302 2162 1475 2215 αὐτοῦ
1513 2160 1835 2231 τρέφεσθαι.

140 2249 324 2318 <565>
365 2250 457 2302 διὰ
495 2257 660 2303 τοῦτο
700 2248 792 2303 καὶ
829 2252 928 2304 τὸν
964 2251 1114 2321 ἱερὸν
1154 2246 1313 2304 οἶνον
1351 2248 1443 2303 καὶ
1482 2250 1763 2318 τοῦλαιον,
1803 2249 1832 2303 ὃ

74 2360 119 2393 25
141 2347 256 2400 τοῖς
303 2338 755 2408 ὁλοκαυτώμασιν
803 2339 863 2392 οἱ
906 2339 1070 2409 ἱερεῖς
1116 2338 1424 2408 ἐφύλαττον
1465 2338 1699 2408 ἐπιχεῖν,
1750 2337 1834 2390 ἐκ-

140 2427 385 2489 κενώσας
440 2423 535 2498 (ἧν
587 2425 641 2479 δ’
696 2426 755 2480 ἐν
810 2435 884 2499 τῷ
940 2425 1211 2498 ἐνδοτέρω
1268 2425 1422 2499 ἱερῷ)
1489 2425 1704 2495 διένεμε
1758 2433 1834 2497 τῷ

139 2518 364 2583 πλήθει,
403 2515 651 2569 κάκεῖνοι
691 2517 815 2585 δίχα
855 2519 1056 2586 φρίκης
1093 2514 1264 2570 πλέον
1301 2523 1404 2569 τοῦ
1443 2518 1501 2569 ἳν
1537 2515 1835 2584 ἠλείφοντο

139 2602 231 2656 καὶ
279 2605 471 2657 ἔπινον
519 2603 574 2669 ἐξ
623 2604 823 2657 αὐτῶν.
900 2605 1082 2674 <566>
1134 2605 1237 2659 οὐκ
1287 2604 1357 2658 ἂν
1404 2605 1836 2672 ὑποστειλαίμην

132 2694 317 2765 εἰπεῖν
356 2693 391 2745 ἅ
430 2712 524 2762 μοι
562 2694 775 2746 κελεύει
814 2695 875 2746 τὸ
923 2693 1120 2756 πάθος.
1198 2690 1352 2763 οἶμαι
1384 2692 1664 2762 Ῥωμαίων
1704 2696 1837 2761 βρα-

73 2802 117 2834 3ο
143 2781 432 2834 δυνόντων
473 2779 560 2834 ἐπὶ
599 2784 729 2844 τοὺς
769 2781 1086 2852 ἀλιτηρίους
1123 2782 1157 2852 ἢ
1195 2787 1580 2850 καταποθῆναι
1620 2779 1690 2833 ἂν
1728 2779 1837 2833 ὑπὸ

139 2870 415 2938 χάσματος
469 2869 503 2938 ἢ
558 2875 1012 2939 κατακλυσθῆναι
1073 2872 1174 2940 τὴν
1237 2873 1432 2939 πόλιν,
1500 2869 1534 2938 ἢ
1590 2877 1691 2923 τοῦ
1746 2875 1840 2936 τῆς
