2032 3128
259 106 364 156 112
683 107 807 149 ΤΟΤ
836 107 1177 150 ΙΟΤΔΑΙΚΟΤ
1206 107 1514 149 ΠΟΛΕΜΟΥ

257 248 368 291 τῶν
408 238 637 306 ἀγαθῶν
676 241 878 307 πύλην·
920 241 979 298 οἱ
1009 242 1189 308 λόγιοι
1221 237 1282 292 δὲ
1314 237 1590 308 λυομένην
1623 238 1938 306 αὐτομάτως

257 335 356 380 τοῦ
394 335 536 380 ναοῦ
575 328 677 396 τὴν
715 327 1020 397 ἀσφάλειαν
1060 328 1347 394 ἐνενόουν,
1386 325 1477 380 καὶ
1515 329 1794 396 πολεμίοις
1834 327 1939 378 δῶ-

259 434 359 483 ρον
391 413 719 482 ἀνοίγεσθαι
750 417 851 484 τὴν
883 417 1082 483 πύλην,
1122 416 1427 483 δηλωτικόν
1464 413 1510 468 τ’
1549 414 1774 485 ἐρημίας
1811 411 1939 466 ἀπέ-

256 522 462 570 φαινον
509 502 568 555 ἐν
616 501 830 565 ἑαυτοῖς
875 505 935 556 τὸ
983 513 1226 572 σημεῖον.
1303 503 1501 572 <296>
1551 503 1683 571 μετὰ
1730 498 1791 554 δὲ
1839 502 1938 570 τὴν

258 588 454 659 ἑορτὴν
501 589 725 660 ἡμέραις
770 591 1005 660 ὕστερον
1053 591 1120 643 οὐ
1167 594 1421 659 πολλαῖς,
1478 598 1576 661 μιᾷ
1625 588 1715 642 καὶ
1760 589 1938 642 εἰκάδι
1985 612 2005 645 5

250 676 592 747 Ἀρτεμισίου
639 681 834 747 μηνός,
883 679 1073 747 φάσμα
1119 699 1170 731 τι
1219 679 1511 747 δαιμόνιον
1551 679 1714 747 ὤφθη
1756 680 1939 746 μεῖζον

255 769 499 828 πίστεως.
575 766 758 833 <297>
798 770 1046 836 τερατεία
1085 764 1134 819 δ’
1172 765 1242 819 ἂν
1282 766 1496 835 ἔδοξεν,
1535 762 1704 834 οἶμαι,
1743 766 1803 818 τὸ
1845 765 1939 836 ρη-

255 857 590 924 θησόμενον,
630 856 682 907 εί
710 856 789 924 μὴ
828 852 918 907 καὶ
949 855 1096 925 παρὰ
1126 864 1242 918 τοῖς
1271 853 1637 923 θεασαμένοις
1670 855 1940 923 ἱστόρητο,

255 941 346 995 καὶ
377 944 443 995 τὰ
483 942 1010 1012 ἐπακολουθήσαντα
1048 943 1202 1013 πάθη
1246 953 1357 996 τῶν
1405 945 1647 1012 σημείων
1684 937 1755 1010 ἦν
1794 942 1938 1005 ἄξια·

255 1031 436 1099 <298>
475 1033 581 1101 πρὸ
622 1032 726 1101 γὰρ
765 1031 924 1100 ἡλίου
965 1032 1174 1095 δύσεως
1213 1033 1376 1101 ὤφθη
1410 1030 1653 1100 μετέωρα
1683 1029 1808 1099 περὶ
1839 1037 1939 1082 πᾶ-
1965 1054 2007 1086 ιο

257 1133 361 1171 σαν
411 1120 513 1188 τὴν
564 1121 750 1190 χώραν
801 1121 1015 1189 ἅρματα
1060 1118 1151 1173 καὶ
1196 1121 1473 1189 φάλαγγες
1519 1121 1743 1172 ἔνοπλοι
1791 1117 1940 1189 διᾴτ-

255 1221 448 1260 τουσαι
486 1217 597 1260 τῶν
636 1216 825 1277 νεφῶν
865 1205 956 1260 καὶ
994 1209 1364 1277 κυκλούμεναι
1396 1208 1490 1270 τὰς
1518 1209 1717 1269 πόλεις.
1756 1206 1940 1274 <299>

254 1295 390 1348 κατὰ
438 1292 499 1347 δὲ
544 1296 646 1364 τὴν
693 1293 891 1365 ἑορτὴν
938 1295 972 1364 ἣ
1019 1297 1356 1365 πεντηκοστὴ
1402 1299 1670 1364 καλεῖται,
1723 1295 1938 1363 νύκτωρ

256 1384 314 1436 οἱ
350 1384 511 1452 ἱερεῖς
555 1385 930 1451 παρελθόντες
975 1386 1052 1447 εἰς
1090 1386 1151 1438 τὸ
1191 1385 1357 1438 ἔνδον
1398 1385 1573 1453 ἱερόν,
1624 1384 1804 1453 ὥσπερ
1845 1383 1940 1436 αὐ-

255 1480 369 1534 τοῖς
416 1473 547 1534 ἔθος
591 1468 662 1540 ἦν
707 1474 846 1541 πρὸς
890 1473 987 1535 τὰς
1034 1475 1403 1541 λειτουργίας,
1456 1481 1676 1542 πρῶτον
1721 1467 1821 1540 μὲν
1859 1490 1940 1523 κι-
1964 1493 2007 1527 15

254 1562 465 1628 νήσεως
518 1559 918 1628 ἀντιλαβέσθαι
971 1562 1184 1630 ἔφασαν
1237 1559 1329 1614 καὶ
1388 1561 1629 1628 κτύπου,
1691 1561 1825 1628 μετὰ
1880 1556 1940 1612 δὲ

255 1657 424 1701 ταῦτα
463 1656 653 1718 φωνῆς
694 1648 906 1718 ἀθρόας
946 1649 1386 1719 “μεταβαίνωμεν
1418 1647 1716 1703 ἐντεῦθεν.’
1760 1646 1942 1716 <300>

254 1737 314 1788 τὸ
357 1733 417 1788 δὲ
455 1738 669 1790 τούτων
708 1739 1115 1808 φοβερώτερον·
1153 1736 1363 1807 Ἰησοῦς
1393 1738 1498 1807 γάρ
1529 1757 1612 1800 τις
1641 1737 1763 1799 υίὸς
1789 1734 1944 1789 Ἀνά-

254 1843 378 1893 νου,
415 1834 527 1878 τῶν
568 1826 831 1894 ἰδιωτῶν,
881 1824 1164 1895 ἀγροῖκος,
1211 1828 1317 1895 πρὸ
1356 1826 1628 1895 τεττάρων
1667 1823 1806 1877 ἐτῶν
1845 1830 1944 1877 τοῦ

254 1911 522 1981 πολέμου,
576 1913 642 1965 τὰ
692 1914 924 1982 μάλιστα
972 1920 1067 1982 τῆς
1119 1915 1328 1976 πόλεως
1379 1911 1803 1984 εἰρηνευομένης
1853 1909 1944 1965 καὶ
1968 1935 2012 1968 20

255 2000 631 2070 εὐθηνούσης,
679 2001 863 2055 ἐλθὼν
912 2003 988 2065 εἰς
1033 2003 1134 2071 τὴν
1181 2000 1376 2071 ἑορτὴν
1416 2001 1477 2055 ἐν
1516 1995 1550 2072 ᾖ
1602 2009 1945 2070 σκηνοποιεῖ-

257 2093 391 2141 σθαι
438 2088 645 2152 πάντας
691 2092 823 2152 ἔθος
869 2098 943 2161 τῷ
995 2096 1112 2162 θεῷ
1158 2091 1295 2143 κατὰ
1344 2092 1405 2143 τὸ
1460 2091 1639 2160 ἱερόν,
1691 2088 1947 2156 ἐξαπίνης

256 2177 504 2245 ἀναβοᾶν
554 2178 756 2248 ἤρξατο
818 2178 1015 2247 <301>
1061 2179 1239 2248 ρφωνὴ
1295 2176 1384 2232 ἀπ’
1438 2164 1734 2247 ἀνατολῆς,
1785 2178 1945 2247 φωνὴ

256 2265 362 2318 ἀπὸ
404 2266 637 2334 δύσεως,
684 2268 844 2336 φωνὴ
886 2266 991 2320 ἀπὸ
1030 2277 1141 2320 τῶν
1179 2267 1452 2337 τεττάρων
1490 2265 1736 2336 ἀνέμων,
1786 2265 1946 2335 φωνὴ

257 2352 345 2407 ἐπὶ
376 2352 731 2424 Ἱεροσόλυμα
770 2353 861 2408 καὶ
899 2357 998 2409 τὸν
1036 2358 1192 2424 ναόν,
1232 2356 1391 2426 φωνὴ
1428 2353 1515 2409 ἐπὶ
1547 2357 1827 2424 νυμφίους
1856 2351 1947 2406 καὶ
1972 2375 2014 2408 25

254 2443 500 2512 νύμφας,
539 2444 699 2512 φωνὴ
740 2442 829 2496 ἐπὶ
868 2445 965 2497 τὸν
1005 2446 1141 2498 λαὸν
1179 2444 1389 2498 πάντα.’
1451 2451 1615 2498 τοῦτο
1655 2440 1780 2512 μεθ’
1824 2441 1948 2511 ἡμέ-

256 2551 360 2601 ραν
398 2529 491 2584 καὶ
530 2532 747 2600 νύκτωρ
794 2534 931 2586 κατὰ
969 2533 1177 2596 πάντας
1213 2535 1343 2596 τοὺς
1386 2534 1698 2594 στενωποὺς
1735 2529 1949 2601 περιῄει

254 2621 545 2689 κεκραγώς.
621 2620 821 2690 <3Ο2>
866 2630 978 2674 τῶν
1033 2620 1082 2674 δ’
1134 2621 1417 2690 ἐπισήμων
1471 2617 1619 2683 τινὲς
1673 2621 1950 2688 δημοτῶν,

256 2707 731 2776 ἀγανακτήσαντες
782 2711 919 2779 πρὸς
971 2711 1032 2781 τὸ
1086 2712 1441 2779 κακόφημον,
1495 2708 1950 2777 συλλαμβάνουσι

253 2798 352 2849 τὸν
399 2797 703 2867 ἄνθρωπον
749 2794 839 2850 καὶ
884 2801 1114 2860 πολλαῖς
1152 2798 1452 2862 αἰκίζονται
1494 2801 1743 2865 πληγαῖς.
1820 2795 1849 2849 ὃ
1891 2793 1938 2847 δ’
1974 2818 2018 2849 30

256 2881 382 2937 οὔθ’
429 2881 568 2954 ὑπὲρ
621 2883 821 2939 ἑαυτοῦ
870 2885 1252 2955 φθεγξάμενος
1302 2883 1418 2939 οὔτ’
1465 2886 1580 2957 ι’δίᾳ
1629 2886 1767 2955 πρὸς
1817 2886 1948 2946 τοὺς
