2032 3128
135 862 229 901 251

228 93 337 144 224
839 98 997 139 ΚΑΤΑ
1028 98 1308 141 ΑΠΙΩΝΟΣ

228 237 338 279 τῶν
390 228 808 298 προειρημένων
865 229 955 283 καὶ
1017 230 1141 301 περὶ
1203 233 1387 286 ἄλλων
1441 236 1915 304 βεβλασφήμηκεν.

227 317 406 384 <222>
461 318 696 386 μάλιστα
751 315 812 370 δὲ
864 327 1027 372 τοῦτο
1081 329 1306 374 ποιοῦσι
1359 331 1477 384 τοῖς
1538 321 1917 387 ἐνδοξοτάτοις

225 408 718 475 προσπλεκόμενοι,
748 404 895 470 τινὲς
925 404 1027 476 μὲν
1060 409 1152 460 διὰ
1183 409 1529 478 φθόνονκαὶ
1559 413 1916 481 κακοήθειαν,

227 494 385 547 ἄλλοι
434 490 495 546 δὲ
543 495 635 547 διὰ
681 503 781 549 τοῦ
833 500 1184 564 καινολογεῖν
1231 500 1448 566 μνήμης
1501 498 1917 568 ἀξιωθήσεσθαι

222 584 553 650 νομίζοντες.
630 585 776 652 παρὰ
831 581 932 653 μὲν
979 580 1084 638 οὗν
1129 595 1244 648 τοῖς
1299 586 1554 655 ἀνοήτοις
1601 589 1801 657 ταύτης
1847 587 1915 642 οὐ

225 671 662 740 διαμαρτάνουσι
692 679 788 739 τῆς
821 671 1059 742 ἐλπίδος,
1100 674 1157 727 oc
1186 672 1235 726 δ’
1258 674 1606 742 ὑγιαίνοντες
1635 684 1699 746 τῇ
1739 680 1917 745 κρίσει

222 760 435 828 πολλὴν
475 758 659 813 αὐτῶν
699 765 1015 830 μοχθηρίαν
1053 763 1491 826 καταδικάζουσι.

334 847 513 918 <223>
559 848 767 902 τῶνδ’
807 851 886 913 είς
931 850 1071 919 ἡμᾶς
1117 854 1484 921 βλασφημιῶν
1529 852 1766 923 ἤρξαντο
1815 850 1915 922 μὲν

222 938 545 1005 Αἰγύπτιοι·
613 941 947 1007 βουλόμενοι
1004 937 1052 992 δ’
1103 938 1336 1002 ἐκείνοις
1388 938 1534 1004 τινες
1595 944 1916 1011 χαρίζεσθαι

220 1024 589 1096 παρατρέπειν
637 1026 994 1096 ἐπεχείρησαν
1040 1029 1142 1097 τὴν
1185 1027 1474 1097 ἀλήθειαν,
1523 1030 1648 1082 οὔτε
1695 1032 1797 1099 τὴν
1836 1032 1915 1093 εἰς

1941 1046 2021 1084 1οὶ

219 1119 508 1182 Αἴγυπτον
547 1114 736 1184 ἄφιξιν
777 1116 849 1178 ὡς
889 1115 1104 1185 ἐγένετο
1144 1127 1255 1170 τῶν
1293 1117 1950 1191 ἡμετέρων,προγόνων“

221 1203 621 1271 ὁμολογοῦντες
675 1204 803 1257 οὔτε
856 1205 957 1273 τὴν
1009 1204 1205 1268 ἔξοδον
1260 1205 1645 1274 ἀληθεύοντες.
1730 1208 1915 1276 <224>

219 1293 396 1354 αι’τίας
435 1289 496 1345 δὲ
542 1293 747 1356 πολλὰς
795 1295 996 1363 ἔλαβον
1036 1301 1135 1347 τοῦ
1183 1303 1365 1363 μισεῖν
1404 1295 1494 1347 καὶ
1543 1299 1804 1364 φθονεῖν,
1852 1297 1913 1349 τὸ

219 1377 321 1448 μὲν
355 1379 407 1443 ἐξ
441 1380 608 1451 ἀρχῆς
639 1381 722 1434 ὅτι
762 1382 897 1435 κατὰ
929 1383 1030 1451 τὴν
1061 1383 1249 1452 χώραν
1282 1383 1466 1436 αὐτῶν
1501 1382 1913 1437 ἐδυνάστευσαν

220 1468 376 1537 ἡμῶν
431 1471 490 1523 οί
537 1472 831 1538 πρόγονοι,
894 1470 1157 1524 κάκεῖθεν
1212 1470 1615 1540 ἀπαλλαγέντες
1669 1471 1756 1526 ἐπὶ
1812 1473 1913 1541 τὴν

220 1560 430 1611 οἰκείαν
469 1559 637 1612 πάλιν
676 1559 1104 1628 εὐδαιμόνησαν.
1181 1557 1293 1614 εἶθ’
1333 1560 1366 1629 ἡ
1413 1570 1525 1614 τῶν
1573 1562 1738 1631 ἱερῶν
1784 1561 1914 1615 ὑπε-

217 1649 506 1716 ναντιότης
543 1649 756 1717 πολλὴν
792 1648 980 1712 αὐτοῖς
1019 1648 1341 1718 ἐνεποίησεν
1375 1650 1603 1720 ἔχθραν,
1642 1658 1914 1704 τοσοῦτον

217 1742 311 1803 τῆς
345 1735 621 1805 ἡμετέρας·
640 1737 1012 1807 διαφερούσης
1043 1737 1323 1806 εὐσεβείας
1352 1740 1490 1808 πρὸς
1520 1739 1622 1807 τὴν
1653 1737 1748 1791 ὑπ’
1775 1739 1911 1792 ἐκεί-

216 1845 333 1877 νων
394 1824 802 1894 νενομισμένην
858 1825 993 1879 ὄσον
1047 1831 1189 1879 θεοῦ
1251 1828 1420 1895 φύσις
1484 1825 1636 1898 ζῴων
1692 1827 1912 1895 ἀλόγων

218 1911 516 1981 διέστηκεν.
583 1913 764 1983 <225>
801 1917 994 1968 κοινὸν
1025 1912 1126 1984 μὲν
1157 1916 1263 1984 γὰρ
1297 1915 1484 1978 αὐτοῖς
1524 1915 1638 1969 ἐστι
1677 1916 1910 1986 πάτριον

216 2003 277 2054 τὸ
326 2010 496 2056 ταῦτα
542 2005 714 2066 θεοὺς
760 2006 1022 2072 νομίζειν,
1075 2005 1191 2075 ι’δίᾳ
1237 2001 1298 2056 δὲ
1345 2005 1483 2075 πρὸς
1531 2004 1804 2074 ἀλλήλους
1851 2004 1911 2059 ἐν

216 2099 333 2152 ταῖς
372 2100 551 2160 τιμαῖς
583 2091 767 2144 αὐτῶν
800 2090 1178 2162 διαφέρονται,
1217 2100 1420 2162 κοῦφοι
1454 2089 1514 2145 δὲ
1552 2091 1639 2145 καὶ
1683 2092 1910 2162 ἀνόητοι

215 2179 562 2232 παντάπασιν
625 2182 942 2249 ἄνθρωποι,
1009 2190 1187 2244 κακῶς
1249 2180 1302 2245 ἐξ
1367 2180 1536 2251 ἀρχῆς
1597 2181 1909 2251 εἰθισμένοι

216 2266 463 2332 δοξάζειν
510 2267 635 2340 περὶ
680 2275 850 2338 θεῶν,
904 2271 1252 2339 μιμήσασθαι
1307 2267 1409 2340 μὲν
1455 2271 1556 2338 τὴν
1605 2273 1909 2339 σεμνότητα

213 2364 308 2425 τῆς
353 2356 615 2426 ἡμετέρας
660 2361 955 2427 θεολογίας
1001 2359 1103 2412 οὐκ
1151 2358 1456 2429 ἐχώρησαν,
1506 2359 1686 2429 <226>
1733 2361 1907 2430 ὁρῶν-

212 2465 300 2508 τες
347 2443 408 2499 δὲ
457 2445 826 2515 ζηλουμένους
873 2447 979 2501 ὑπὸ
1020 2451 1244 2501 πολλῶν
1283 2447 1624 2517 ἐφθόνησαν.
1702 2450 1780 2511 εἰς
1819 2468 1908 2502 το-

216 2542 419 2588 σοῦτον
459 2536 563 2604 γὰρ
611 2532 794 2604 ἦλθον
834 2535 1025 2599 ἀνοίας
1072 2534 1162 2589 καὶ
1210 2539 1575 2606 μικροψυχίας
1615 2539 1755 2591 ε”νιοι
1795 2547 1907 2591 τῶν

212 2622 339 2694 παρ’
378 2620 564 2686 αὐτοῖς
619 2620 747 2676 ὥστ’
789 2621 919 2677 οὐδὲ
974 2634 1092 2688 ταῖς
1139 2624 1390 2695 ἀρχαίαις
1436 2625 1620 2678 αὐτῶν
1669 2625 1908 2696 ἀναγρα-

213 2722 344 2781 φαῖς
413 2714 668 2781 ὤκνησαν
730 2712 993 2766 τάναντιά
1062 2712 1272 2783 λέγειν,
1341 2713 1480 2766 ἀλλὰ
1548 2712 1639 2766 καὶ
1711 2717 1907 2783 σφίσιν

1937 1494 2021 1547 1⁵·

1934 1939 1980 1971 20

1933 2382 2032 2422 25*

213 2801 400 2864 αὐτοῖς
439 2801 662 2855 ἐναντία
700 2801 1008 2873 γράφοντες
1046 2803 1153 2856 ὑπὸ
1185 2805 1524 2873 τυφλότητος
1555 2810 1656 2856 τοῦ
1687 2803 1907 2865 πάθους
1928 2824 1975 2857 30

211 2890 507 2959 ἠγνόησαν.
