2032 3128
677 93 883 136 ΛΟΓΟΣ
915 93 1215 135 ΠΕΜΠΤΟΣ
1709 90 1776 142 13

100 224 148 280 δ’
197 225 280 279 ἐπὶ
329 228 474 280 πόδα
511 235 819 296 χωροῦντες
857 226 1148 296 ἐμάχοντο,
1195 225 1285 279 καὶ
1323 229 1779 288 πλεονεκτοῦντες

103 317 161 369 οἱ
186 313 440 384 Ῥωμαῖοι
485 322 559 386 τῷ
606 316 966 383 καθύπερθεν
1011 310 1154 367 εἶναι
1202 315 1605 367 συνελαύνουσι
1643 313 1778 366 πάν-

101 423 196 466 τας
236 404 312 465 εἰς
349 404 450 471 τὴν
495 402 766 471 φάραγγα.
843 403 986 471 <96>
1024 400 1344 470 προσέκειτο
1393 399 1454 454 δὲ
1491 411 1608 464 τοῖς.
1643 399 1770 454 καθ’

101 493 269 544 αὑτὸν
310 491 339 544 ὁ
386 494 565 557 Τίτος,
613 490 704 543 καὶ
750 493 812 545 τὸ
851 488 952 559 μὲν
990 491 1167 559 τάγμα
1205 492 1372 544 πάλιν
1411 489 1498 544 ἐπὶ
1536 491 1636 558 τὴν
1674 509 1777 542 τει-

54 602 76 634 5
99 583 354 650 χοποιίαν
387 581 642 647 ἔπεμψεν,
683 580 847 642 αὐτὸς
880 577 940 632 δὲ
972 582 1076 632 σὺν
1108 573 1191 642 οἷς
1220 582 1489 649 πρότερον
1529 578 1782 641 ἀντιστὰς

101 665 246 737 εἶργε
286 670 415 730 τοὺς
451 671 760 736 πολεμίους.
840 668 984 736 <97>
1024 664 1174 735 ὥστ’,
1214 670 1265 720 ει’
1301 668 1403 737 χρὴ
1444 669 1576 735 μήτε
1613 673 1781 737 θερα-

101 759 228 828 πεία
280 776 333 809 τι
386 755 703 825 προσθέντα
765 754 897 825 μήθ’
959 757 1238 824 ὑφελόντα
1293 758 1493 827 φθόνῳ
1545 753 1783 821 τάληθὲς

101 847 296 913 εἰπεῖν,
328 844 492 908 αὐτὸς
514 847 730 914 Καῖσαρ
758 844 842 908 δὶς
865 842 967 914 μὲν
992 844 1260 915 ἐρρύσατο
1284 845 1617 897 κινδυνεῦον
1649 844 1782 896 ὅλον

101 936 162 987 τὸ
210 933 417 1003 τάγμα,
466 932 557 986 καὶ
607 941 706 986 τοῦ
752 932 1148 1004 περιβαλέσθαι
1196 930 1257 986 δὲ
1302 935 1362 986 τὸ
1411 933 1783 1002 στρατόπεδον

34 1045 76 1076 ιο
99 1021 287 1084 αὐτοῖς
325 1023 517 1075 ἄδειαν
555 1021 805 1092 παρέσχε.

124 1132 134 1136 Χ
209 1110 354 1180 <98>
393 1113 752 1180 λωφήσαντος
784 1108 846 1163 δὲ
876 1112 1013 1182 πρὸς
1051 1113 1228 1181 βραχὺ
1268 1118 1367 1164 τοῦ
1398 1110 1656 1179 θύραθεν
1686 1126 1783 1162 πο-

100 1199 270 1277 λέμου
309 1200 476 1252 πάλιν
516 1201 682 1252 ἔνδον
720 1199 754 1267 ἡ
795 1200 982 1263 στάσις
1014 1199 1345 1268 ἐπηγείρετο,
1385 1199 1532 1267 <99>
1569 1196 1660 1251 καὶ
1691 1204 1786 1266 τῆς

99 1298 210 1342 τῶν
250 1288 471 1356 ἀζύμων
511 1288 773 1358 ἐνστάσης
817 1288 1020 1357 ἡμέρας
1057 1288 1603 1358 τετταρεσκαιδεκάτῃ
1645 1287 1784 1348 Ξαν-

101 1381 270 1430 θικοῦ
324 1379 520 1446 μηνός,
583 1377 643 1430 ἐν
697 1372 732 1448 ᾖ
789 1379 1052 1431 δοκοῦσιν
1098 1376 1361 1430 Ἰουδαῖοι
1414 1378 1512 1429 τὸν
1565 1385 1786 1446 πρῶτον

36 1485 78 1518 15
102 1465 483 1534 ἀπαλλαγῆναι
522 1468 716 1536 καιρὸν
748 1469 1090 1534 Αἰγυπτίων,
1129 1467 1188 1519 οἱ
1222 1462 1323 1534 μὲν
1360 1463 1482 1535 περὶ
1519 1466 1617 1518 τὸν
1644 1460 1787 1517 Ἐλε-

103 1555 305 1625 άζαρον
343 1557 774 1625 παρανοίγοντες
811 1556 908 1618 τὰς
945 1557 1120 1618 πύλας
1160 1553 1414 1624 ἐδέχοντο
1455 1553 1514 1607 ἐκ
1552 1561 1652 1607 τοῦ
1692 1555 1787 1622 δή-

101 1663 209 1712 μου
248 1646 378 1706 τοὺς
415 1653 752 1714 προσκυνεῖν
793 1641 1086 1706 ἐθέλοντας
1125 1649 1274 1711 εἴσω,
1315 1643 1497 1711 <lOO>
1530 1638 1789 1711 Ἰωάννης

106 1729 167 1785 δὲ
197 1733 563 1802 προκάλυμμα
593 1740 689 1802 τῆς
721 1732 1016 1802 ἐπιβουλῆς
1047 1733 1418 1801 ποιησάμενος
1447 1733 1548 1800 τὴν
1572 1729 1789 1801 ἑορτήν,

101 1830 211 1874 τῶν
252 1824 357 1874 σὺν
397 1821 545 1893 αὐτῷ
593 1831 854 1892 κρυπτοῖς
893 1821 1084 1884 ὅπλοις
1122 1821 1454 1884 ἐνσκευάσας
1491 1823 1621 1883 τοὺς
1659 1820 1790 1889 ἀση-

6 1930 80 1962 -20
103 1908 394 1982 μοτέρους,
440 1905 519 1962 ὧν
560 1911 618 1964 οἱ
658 1913 881 1973 πλείους
917 1906 1062 1979 ἦσαν
1101 1911 1359 1978 ἄναγνοι,
1412 1910 1505 1962 διὰ
1545 1910 1791 1977 σπουδῆς

101 1998 495 2068 παρεισπέμπει
541 1998 1136 2068 προκαταληψομένους
1182 2002 1242 2052 τὸ
1285 2000 1450 2069 ἱερόν.
1527 2001 1585 2052 οἳ
1622 1997 1671 2051 δ’
1719 1999 1792 2061 ὡς

102 2088 270 2140 ἔνδον
310 2087 595 2156 ἐγένοντο,
645 2088 741 2150 τὰς
789 2087 1025 2156 ἐσθῆτας
1063 2087 1468 2158 ἀπορρίψαντες
1506 2086 1792 2157 ἐφάνησαν

103 2173 358 2244 ἐξαπίνης
397 2177 628 2230 ὁπλῖται.
694 2177 877 2246 <101>
916 2177 1122 2247 ταραχὴ
1165 2174 1226 2229 δὲ
1264 2179 1489 2246 μεγίστη
1529 2174 1656 2246 περὶ
1694 2178 1792 2229 τὸν

101 2265 241 2317 ναὸν
290 2264 484 2317 αὐτίκα
530 2263 622 2317 καὶ
668 2268 918 2334 θόρυβος
961 2261 1057 2333 ἧν,
1104 2273 1203 2318 τοῦ
1247 2262 1352 2333 μὲν
1393 2263 1493 2329 ἔξω
1533 2271 1628 2333 τῆς
1666 2264 1793 2317 στά-

36 2372 80 2405 85
105 2366 243 2415 σεως
290 2357 428 2407 λαοῦ
474 2354 609 2406 κατὰ
654 2354 879 2407 πάντων
925 2355 1151 2423 ἄκριτον
1198 2352 1470 2423 οἰομένων
1509 2350 1653 2406 εἶναι
1690 2353 1793 2421 τὴν

103 2439 386 2510 ἐπίθεσιν,
436 2451 548 2495 τῶν
595 2440 656 2495 δὲ
705 2446 960 2511 ζηλωτῶν
1000 2441 1089 2496 ἐπὶ
1129 2445 1287 2512 σφίσι
1326 2445 1531 2511 μόνοις.
1608 2442 1792 2510 <102>

104 2526 223 2581 ἀλλ’
270 2533 329 2582 οἳ
364 2527 464 2599 μὲν
504 2530 768 2600 ἀφέμενοι
807 2533 869 2584 τὸ
909 2541 1179 2602 φρουρεῖν
1218 2534 1298 2584 ἔτι
1336 2532 1432 2594 τάς
1469 2532 1663 2598 πύλας,
1701 2528 1794 2583 καὶ

102 2626 215 2670 τῶν
255 2617 532 2682 ἐπάλξεων
569 2622 1053 2689 καταπηδήσαντες
1083 2619 1216 2692 πρὶν
1255 2622 1334 2683 εἰς
1370 2630 1556 2690 χεῖρας
1586 2618 1796 2685 ἐλθεῖν,

105 2708 181 2778 εἰς
226 2710 356 2769 τοὺς
403 2708 721 2778 ὑπονόμους
766 2718 867 2762 τοῦ
917 2710 1070 2780 ἱεροῦ
1108 2708 1445 2778 κατέφυγον·
1494 2709 1553 2761 οἱ
1588 2705 1638 2760 δ’
1686 2706 1794 2760 ἀπὸ

35 2815 81 2847 30
104 2804 204 2848 τοῦ
255 2797 434 2866 δήμου
483 2799 621 2866 πρὸς
668 2806 744 2870 τςό
796 2801 963 2870 βωμῷ
1013 2800 1485 2866 καταπτήσσοντες
1529 2794 1622 2850 καὶ
1670 2793 1796 2866 περὶ

103 2885 201 2937 τὸν
225 2885 364 2938 ναὸν
388 2887 810 2956 συνειλούμενοι
835 2894 1257 2956 κατεπατοῦντο,
1289 2885 1476 2950 ξύλοις
1505 2884 1547 2939 τ’
1590 2882 1797 2954 ἀνέδην
