2032 3128
708 119 919 160 ΛΟΓΟΣ
950 117 1271 159 ΠΡοΤΕΡοΣ
1654 105 1658 110 ’
1724 114 1829 167 189

153 252 484 322 σοφωτάτων
523 249 608 303 ἀεὶ
646 255 1066 319 καθιεροῦσθαι.
1143 251 1288 319 <10>
1330 251 1428 303 τὸν
1468 246 1529 302 δὲ
1566 247 1691 319 περὶ
1730 251 1831 318 τὴν

144 341 379 394 Ἐλλάδα
431 342 603 392 τόπον
648 342 840 408 μυρίαι
886 335 986 407 μὲν
1032 337 1247 407 φθοραὶ
1291 337 1581 408 κατέσχον,
1636 337 1834 401 ἐξαλεί-

152 442 357 498 φουσαι
403 429 505 496 τὴν
551 430 771 496 μνήμην
817 436 929 480 τῶν
974 429 1308 494 γεγονότων·
1370 425 1455 479 ἀεὶ
1502 424 1563 479 δὲ
1609 427 1834 488 καινοὺς

153 517 546 584 καθιστάμενοι
592 519 750 584 βίους
795 523 895 568 τοῦ
940 516 1145 577 παντὸς
1193 514 1445 584 ἐνόμιζον
1483 515 1674 584 ἄρχειν
1714 514 1833 567 ἕκα-

108 629 128 659 5
154 619 273 658 στοι
326 613 436 657 τῶν
491 602 586 673 ἀφ’
636 601 870 671 ἑαυτῶν,
933 600 1034 667 ὀψὲ
1097 600 1157 655 δὲ
1216 601 1308 656 καὶ
1370 605 1526 672 μόλις
1583 604 1834 670 ἔγνωσαν

152 693 325 760 φύσιν
370 692 718 760 γραμμάτων.
803 692 861 745 οἱ
902 700 1042 759 γοῦν
1089 691 1450 761 ἀρχαιοτάτην
1500 689 1684 743 αὐτῶν
1734 691 1835 758 τὴν

152 788 348 849 χρῆσιν
402 776 544 832 εἶναι
598 778 860 841 θέλοντες
911 780 1059 848 παρὰ
1118 782 1399 832 Φοινίκων
1455 777 1548 832 καὶ
1602 778 1835 847 Κάδμου

154 869 519 936 σεμνύνονται
566 872 783 936 μαθεῖν.
861 866 1005 935 <11>
1053 866 1120 920 οὐ
1167 868 1277 936 μὴν
1317 865 1435 920 οὐδ’
1485 863 1574 920 ἀπ’
1621 866 1835 920 ἐκείνου

151 964 250 1009 τοῦ
287 958 493 1025 χρόνου
534 957 762 1008 δύναιτό
800 975 882 1018 τις
919 954 989 1008 ἂν
1030 953 1203 1018 δεῖξαι
1242 953 1559 1024 σωζομένην
1599 953 1837 1022 ἀναγρα-

85 1070 128 1101 ιο
153 1046 266 1114 φὴν
322 1042 437 1098 οὔτ’
496 1043 557 1097 ἐν
613 1045 781 1113 ἱεροῖς
834 1041 950 1097 οὔτ’
1010 1042 1070 1096 ἐν
1126 1044 1412 1112 δημοσίοις
1464 1043 1837 1112 ἀναθήμασιν,

152 1134 292 1186 ὅπου
346 1152 407 1200 γε
461 1131 552 1185 καὶ
604 1130 730 1198 περὶ
783 1141 894 1185 τῶν
950 1130 1037 1185 ἐπὶ
1100 1135 1304 1201 Τροίαν
1359 1133 1643 1194 τοσούτοις
1694 1134 1838 1184 ἔτεσι

152 1221 602 1291 στρατευσάντων
647 1221 880 1291 ὕστερον
925 1221 1102 1288 πολλὴ
1145 1219 1375 1289 γε’γονεν
1414 1220 1615 1291 ἀπορία
1652 1239 1708 1273 τε
1747 1219 1840 1273 καὶ

154 1312 393 1378 ζήτησις,
431 1311 483 1362 εί
517 1309 834 1378 γράμμασιν
873 1308 1135 1379 ἐχρῶντο’
1175 1307 1266 1362 καὶ
1297 1306 1534 1378 τάληθὲς
1565 1308 1844 1378 ἐπικρατεῖ

152 1403 364 1467 μᾶλλον
402 1396 528 1467 περὶ
566 1406 667 1451 τοῦ
706 1399 807 1467 τὴν
844 1405 952 1450 νῦν
991 1393 1167 1451 οὖσαν
1197 1406 1309 1450 τῶν
1340 1398 1675 1468 γραμμάτων
1709 1406 1839 1468 χρῆ-

87 1512 128 1542 15
154 1502 243 1540 σιν
284 1487 529 1549 ἐκείνους
567 1487 809 1555 ἀγνοεῖν.
866 1486 1012 1555 <12>
1052 1487 1192 1549 ὅλως
1224 1483 1285 1539 δὲ
1315 1487 1463 1556 παρὰ
1493 1496 1608 1550 τοῖς
1630 1485 1840 1555 ’Ἐλλη-

154 1590 244 1629 σιν
284 1573 451 1629 οὐδὲν
484 1576 934 1645 ὁμολογούμενον
966 1575 1275 1643 εὑρίσκεται
1308 1575 1531 1645 γράμμα
1560 1583 1657 1644 τῆς
1679 1574 1839 1646 Ὁμή-

154 1685 256 1732 ρου
287 1666 558 1733 ποιήσεως
587 1665 978 1734 πρεσβύτερον.
1022 1660 1184 1726 οὗτος
1216 1661 1277 1716 δὲ
1307 1662 1397 1716 καὶ
1427 1672 1540 1718 τῶν
1579 1667 1842 1735 Τρωϊκῶν

152 1754 381 1824 ὕστερος
432 1756 688 1822 φαίνεται
734 1754 1054 1822 γενόμενος·
1109 1755 1206 1805 καί
1245 1767 1419 1822 φασιν
1465 1749 1597 1807 οὐδὲ
1641 1762 1842 1808 τοῦτον

155 1841 216 1895 ἐν
254 1842 535 1911 γράμμασι
573 1842 674 1909 τὴν
711 1841 883 1895 αὑτοῦ
913 1845 1137 1908 ποίησιν
1169 1845 1511 1908 καταλιπεῖν,
1552 1841 1691 1895 ἀλλὰ
1723 1844 1842 1896 δια-

87 1955 130 1986 20
155 1930 647 2000 μνημονευομένην
686 1930 746 1983 ἐκ
784 1941 895 1984 τῶν
927 1928 1197 2002 ᾀσμάτων
1216 1931 1452 2002 ὕστερον
1485 1937 1841 2002 συντεθῆναι,

154 2018 245 2072 καὶ
292 2021 383 2073 διὰ
430 2027 595 2073 τοῦτο
640 2021 845 2083 πολλὰς
892 2020 951 2073 ἐν
998 2021 1134 2089 αὑτῇ
1183 2029 1336 2090 σχεῖν
1381 2020 1478 2083 τὰς
1516 2021 1840 2091 διαφωνίας.

155 2108 301 2178 <13>
332 2109 391 2162 οἱ
418 2108 605 2177 μέντοι
636 2110 732 2172 τὰς
766 2110 1006 2179 ἱστορίας
1037 2108 1476 2179 ἐπιχειρήσαντες
1499 2111 1842 2181 συγγράφειν

155 2195 285 2266 παρ’
305 2197 509 2266 αὐτοῖς,
541 2196 682 2266 λέγω
708 2195 769 2251 δὲ
792 2200 922 2261 τοὺς
947 2195 1072 2267 περὶ
1097 2199 1331 2267 Κάδμον
1353 2217 1411 2251 τε
1438 2200 1537 2252 τὸν
1557 2201 1842 2269 Μιλήσιον

156 2285 247 2339 καὶ
278 2288 376 2340 τὸν
405 2284 654 2356 Ἀργεῖον
682 2284 1062 2356 Ἀκουσίλαον,
1100 2285 1190 2340 καὶ
1221 2287 1354 2356 μετὰ
1385 2295 1584 2341 τοῦτον
1614 2293 1672 2341 εἴ
1699 2308 1842 2351 τινες

92 2397 132 2428 23
157 2376 315 2428 ἄλλοι
355 2374 609 2443 λέγονται
652 2374 940 2445 γενέσθαι,
987 2378 1163 2446 βραχὺ
1202 2383 1298 2445 τῆς
1337 2380 1575 2447 Περσῶν
1616 2375 1702 2429 ἐπὶ
1741 2378 1843 2446 τὴν

148 2462 386 2517 Ἑλλάδα
432 2467 712 2533 στρατείας
757 2472 832 2536 τῷ
878 2468 1059 2535 χρόνῳ
1106 2465 1441 2534 προύλαβον.
1518 2465 1664 2534 <14>
1703 2464 1842 2518 ἀλλὰ

157 2554 266 2622 μὴν
311 2551 402 2606 καὶ
449 2555 578 2616 τοὺς
624 2551 749 2622 περὶ
786 2562 898 2606 τῶν
938 2553 1218 2624 οὐρανίων
1255 2573 1314 2607 τε
1353 2551 1444 2607 καὶ
1482 2557 1657 2607 θείων
1695 2555 1842 2624 πρώ-

156 2661 286 2703 τους
335 2639 460 2710 παρ’
500 2640 728 2709 “”Ελλησι
781 2644 1290 2711 φιλοσοφήσαντας,
1345 2635 1467 2696 οἷον
1521 2644 1843 2713 Φερεκύδην

136 2749 215 2783 -τε
261 2732 360 2784 τὸν
404 2731 620 2800 Σύριον
666 2729 758 2783 καὶ
809 2733 1156 2801 Πυθαγόραν
1202 2729 1293 2784 καὶ
1342 2731 1590 2800 Θάλητα,
1644 2731 1844 2795 πάντες

91 2840 134 2871 3ο
159 2820 469 2888 συμφώνως
515 2820 885 2888 ὁμολογοῦσιν
924 2821 1246 2888 Αἰγυπτίων
1292 2819 1382 2873 καὶ
1423 2821 1717 2873 Χαλδαίων
1756 2840 1843 2889 γε-

156 2906 428 2977 νομένους
477 2909 727 2978 μαθητὰς
776 2908 935 2977 ὀλίγα
982 2909 1316 2980 συγγράψαι·
1379 2906 1470 2962 καὶ
1515 2916 1685 2962 ταῦτα
1731 2918 1845 2973 τοῖς
