2032 3128
219 83 291 134 82
637 84 761 125 TOT
791 84 1134 126 IOTAAIKOT
1162 84 1471 126 ΠΟΛΕΜΟΥ

218 225 322 270 σοῦ
352 218 529 286 κρίσει
560 218 658 270 τὸν
688 217 937 270 θάνατον
969 214 1283 288 ’ᾑρημένονῖ
1339 215 1482 285 <58>
1521 215 1668 270 ταῦτ’
1709 215 1898 284 εἰπών,

215 302 306 357 καὶ
351 311 416 374 τῇ
464 301 566 372 μὲν
613 304 873 375 ἀριστερᾷ
917 303 1058 374 χειρὶ
1106 306 1204 357 τὸν
1251 306 1462 373 θυρεὸν
1501 302 1640 372 ὑπὲρ
1679 311 1774 373 τῆς
1812 325 1896 358 κε-

214 397 393 462 φαλῆς
437 396 861 463 προανατείνας,
908 401 972 463 τῇ
1021 392 1170 463 δεξιᾷ
1221 390 1280 445 δὲ
1319 394 1380 446 τὸ
1421 393 1578 462 ξίφος
1625 394 1896 462 σπασάμε-

213 501 336 549 νος,
385 480 576 551 ἐχώρει
621 484 759 551 πρὸς
803 484 864 536 τὸ
912 491 1116 551 τεῖχος,
1172 482 1404 550 μάλιστα
1450 480 1576 551 περὶ
1616 482 1765 552 ὥραν
1803 488 1898 549 τῆς

211 568 415 638 ἡμέρας
454 568 627 638 ἕκτην.
706 569 852 637 <59>
899 571 1118 623 εἵποντο
1160 567 1208 621 δ’
1249 569 1394 641 αὐτῷ
1434 568 1525 622 καὶ
1563 578 1673 622 τῶν
1713 570 1896 622 ἄλλων
1942 591 1964 625 5

212 657 407 711 ἕνδεκα
439 660 601 727 μόνοι
643 656 873 726 ζηλωταὶ
912 666 1007 727 τῆς
1039 657 1297 727 ἀνδρείας
1327 661 1634 726 γενόμενοι.
1688 664 1895 726 προῆγε

212 744 272 798 δὲ
318 748 460 799 πολὺ
508 746 733 799 πάντων
773 747 801 800 ὀ
842 745 982 815 ἀνὴρ
1032 746 1172 816 ὁρμῇ
1219 765 1330 799 τινι
1378 747 1646 817 δαιμονίῳ
1690 747 1897 815 χρώμε-

209 854 320 898 νος.
360 835 503 903 <60>
536 835 594 888 015
621 833 863 904 φρουροὶ
895 833 944 887 δ’
985 834 1090 887 ἀπὸ
1123 842 1222 887 τοῦ
1257 837 1470 905 τείχους
1508 837 1896 902 κατηκόντιζόν

207 922 252 976 τ’
293 923 495 986 αὐτοὺς
534 921 625 975 καὶ
665 921 850 992 βέλεσι
888 923 1171 976 πάντοθεν
1211 922 1456 992 ἀπείροις
1495 925 1759 992 ἔβαλλον,
1805 922 1896 976 καὶ

207 1010 408 1081 πέτρας
447 1011 720 1075 ἐξαισίους
751 1013 1093 1078 κατεκύλιον,
1135 1013 1196 1064 αἳ
1222 1021 1335 1064 τῶν
1367 1008 1468 1080 μὲν
1508 1011 1702 1065 ἕνδεκα
1731 1011 1895 1082 παρέ-
1921 1035 1963 1066 10

208 1114 384 1168 συραν
425 1099 631 1167 ἐνίους,
682 1100 826 1167 <61>
866 1100 894 1153 ὁ
939 1097 1000 1152 δὲ
1031 1102 1276 1168 Σαβῖνος
1310 1098 1566 1152 ἀπαντῶν
1597 1109 1712 1161 τοῖς
1743 1099 1896 1169 ἀφιε-

206 1187 394 1256 μένοις
440 1186 530 1241 καὶ
577 1189 1067 1258 καταχωννύμενος
1112 1188 1220 1242 ὑπὸ
1267 1197 1379 1240 τῶν
1430 1191 1609 1256 βελῶν
1657 1188 1723 1241 οὐ
1763 1192 1897 1257 πρό-

205 1296 367 1346 τερον
417 1275 607 1346 ἐπέσχε
651 1277 753 1344 τὴν
801 1277 979 1346 ὁρμὴν
1025 1276 1058 1345 ἢ
1098 1275 1363 1344 γενέσθαι
1404 1274 1450 1328 τ’
1489 1275 1568 1329 ἐπ’
1615 1278 1764 1350 ἄκρῳ
1805 1277 1896 1331 καὶ

203 1363 512 1435 τρέψασθαι
558 1367 687 1428 τοὺς
732 1368 1050 1434 πολεμίους·
1120 1365 1265 1434 <62>
1311 1364 1746 1433 καταπλαγέντες
1791 1367 1894 1434 γὰρ

203 1455 375 1508 αὐτοῦ
422 1457 522 1522 τήν
561 1473 618 1506 τε
667 1454 910 1523 δύναμιν
949 1454 1008 1507 οἱ
1034 1452 1298 1507 Ἰουδαῖοι
1336 1452 1428 1506 καὶ
1467 1456 1527 1507 τὸ
1567 1454 1895 1524 παράστημα
1921 1475 1962 1509 ι5

202 1549 295 1610 τῆς
333 1549 540 1612 ψυχῆς,
590 1543 701 1611 ἅμα
748 1539 810 1595 δὲ
855 1540 948 1595 καὶ
995 1545 1220 1606 πλείους
1259 1540 1659 1611 ἀναβεβηκέναι
1700 1542 1894 1607 δόξαν-

199 1651 312 1700 τες,
361 1630 688 1701 ἐτράπησαν.
764 1631 908 1698 <63>
956 1633 1096 1683 ἔνθα
1144 1632 1212 1699 δὴ
1259 1629 1649 1699 καταμέμψαιτ’
1697 1632 1767 1683 ἄν
1812 1651 1894 1694 τις

200 1720 272 1782 ὡς
319 1720 610 1789 φθονερὰν
658 1717 745 1772 ἐπὶ
793 1728 909 1782 ταῖς
955 1719 1171 1789 ἀρεταῖς
1217 1721 1318 1788 τὴν
1356 1721 1527 1789 τύχην
1567 1716 1657 1771 καὶ
1695 1720 1893 1773 κολού-

199 1822 374 1862 ουσαν
414 1807 499 1861 ἀεὶ
546 1809 612 1861 τά
658 1808 942 1877 παράδοξα
984 1818 1095 1861 τῶν
1134 1807 1599 1878 κατορθωμάτων.
1675 1807 1820 1877 <64>
1862 1808 1891 1862 ὁ

198 1905 337 1964 γοῦν
386 1895 526 1965 ἀνὴρ
575 1893 738 1959 οὗτος
785 1895 861 1949 ὅτ’
911 1896 1171 1966 ἐκράτησε
1218 1903 1314 1965 τῆς
1361 1896 1620 1966 ἐπιβολῆς
1660 1896 1890 1967 ἐσφάλη,
1915 1920 1960 1951 20

195 1983 287 2038 καὶ
334 1988 564 2048 πταίσας
610 1988 747 2055 πρός
795 2005 905 2038 τινι
950 1984 1121 2058 πέτρᾳ
1166 1986 1379 2054 πρηνὴς
1422 1984 1502 2038 ἐπ’
1543 1985 1715 2054 αὐτὴν
1756 1987 1890 2055 μετὰ

196 2077 456 2142 μεγίστου
494 2076 684 2142 ψόφου
710 2073 1033 2127 κατέπεσεν.
1111 2072 1537 2144 ἐπιστραφέντες
1577 2072 1625 2127 δ’
1666 2075 1726 2127 οἱ
1751 2073 1891 2128 Ἰου-

195 2164 369 2229 δαῖοι,
417 2161 507 2214 καὶ
546 2164 865 2226 κατιδόντες
904 2165 1079 2232 μόνον
1118 2161 1162 2216 τ’
1203 2163 1374 2216 αὐτὸν
1413 2161 1506 2216 καὶ
1552 2165 1890 2232 πεπτωκότα,

192 2250 476 2304 πάντοθεν
517 2252 766 2319 ἔβαλλον.
823 2250 967 2319 <65>
1008 2250 1037 2304 ὃ
1079 2249 1127 2304 δ’
1167 2253 1246 2314 εἰς
1286 2253 1426 2319 γόνυ
1467 2251 1766 2314 διαναστὰς
1797 2249 1890 2305 καὶ

191 2339 687 2408 προκαλυψάμενος
725 2341 824 2392 τὸν
855 2342 1095 2410 θυρεόν,
1134 2342 1195 2394 τὸ
1236 2338 1337 2409 μὲν
1377 2348 1599 2410 πρῶτον
1638 2340 1887 2409 ἠμύνατο
1914 2362 1957 2394 25

189 2425 279 2480 καὶ
312 2429 555 2490 πολλοὺς
595 2436 707 2481 τῶν
750 2429 1176 2497 πλησιασάντων
1216 2431 1474 2497 ἔτρωσεν,
1535 2428 1683 2498 <66>
1723 2424 1891 2492 αὖθις

191 2513 240 2568 δ’
288 2516 396 2569 ὑπὸ
443 2518 698 2584 πλήθους
744 2517 1073 2585 τραυμάτων
1119 2524 1328 2588 παρῆκε
1380 2517 1481 2585 τὴν
1530 2515 1742 2586 δεξιάν,
1796 2516 1889 2570 καὶ

188 2602 366 2672 τέλος,
423 2602 557 2673 πρὶν
612 2604 922 2659 ἀποδοῦναι
977 2607 1077 2675 τὴν
1124 2608 1340 2676 ψυχήν,
1396 2607 1718 2674 κατεχώσθη
1773 2615 1890 2669 τοῖς

185 2692 427 2762 βέλεσιν,
459 2692 600 2763 ἀνὴρ
633 2692 784 2757 ἄξιος
816 2691 918 2763 μὲν
951 2693 1204 2762 ἀμείνονι
1235 2699 1478 2764 χρῆσθαι
1511 2692 1582 2746 δι’
1622 2693 1887 2763 ἀνδρείαν

183 2783 350 2851 τύχῃ,
403 2783 590 2835 πεσὼν
638 2778 700 2835 δὲ
745 2789 840 2850 τῆς
890 2781 1149 2852 ἐπιβολῆς
1195 2781 1496 2851 ἀναλόγως.
1575 2783 1734 2850 <67>
1774 2791 1886 2834 τῶν
1910 2805 1957 2837 30

184 2867 234 2921 δ’
274 2870 460 2923 ἄλλων
498 2880 646 2941 τρεῖς
694 2867 797 2940 μὲν
843 2873 973 2934 τοὺς
1015 2873 1122 2941 ἤδη
1162 2874 1300 2943 πρὸς
1338 2880 1455 2934 τοῖς
1493 2872 1684 2942 ἄκροις
1723 2872 1888 2933 ὄντας
