2032 3128
699 116 910 157 ΛΟΓΟΣ
941 115 1230 157 ΕΒΔΟΜΟΣ
1701 111 1802 162 147

126 258 235 300 τῶν
274 248 528 316 θεάτρων
569 246 1037 316 διεξελαύνοντες,
1077 248 1222 310 ὅπως
1262 252 1342 316 εἴη
1383 257 1499 309 τοῖς
1537 248 1810 315 πλήθεσιν

125 336 157 402 ἡ
197 335 303 388 θέα
344 334 511 406 ῥᾴων.
1812 394 1816 401 ,

237 423 419 487 <132>
472 421 756 490 ἀμήχανον
811 421 873 476 δὲ
925 423 1061 476 κατὰ
1116 423 1216 490 τὴν
1271 421 1429 486 ἀξίαν
1476 424 1651 476 εἰπεῖν
1698 431 1810 475 τῶν
1841 433 1867 473 5

125 507 420 576 θεαμάτων
455 506 680 559 ἐκείνων
719 513 781 560 τὸ
821 515 1036 574 πλῆθος
1073 506 1164 560 καὶ
1202 506 1304 574 τὴν
1344 509 1813 574 μεγαλοπρέπειαν

81 618 101 649 5
126 596 187 649 ἐν
226 596 428 648 ἅπασιν
468 588 550 657 οἷς
598 596 668 648 ἄν
707 615 791 658 τις
837 595 1180 662 ἐπινοήσειεν
1220 592 1253 661 ἢ
1293 602 1502 662 τεχνῶν
1548 596 1730 664 ἔργοις
1779 594 1811 664 ἢ

123 684 368 737 πλούτου
421 681 645 753 μέρεσιν
692 683 725 752 ἢ
782 683 1001 752 φύσεως
1056 684 1408 750 σπανιότησι·
1464 682 1647 750 <133>
1694 697 1813 753 σχε-

124 772 225 824 δὸν
273 772 376 839 γὰρ
425 772 527 824 ὅσα
572 780 687 832 τοῖς
732 765 941 823 πώποτ’
976 769 1297 839 ἀνθρώποις
1343 769 1813 839 εὐδαιμονήσασιν

123 859 328 926 ἐκτήθη
383 858 519 910 κατὰ
571 856 736 927 μέρος
784 859 923 910 ἄλλα
976 855 1103 926 παρ’
1144 858 1334 920 ἄλλοις
1379 858 1673 926 θαυμαστὰ
1721 857 1812 911 καὶ

121 949 420 1014 πολυτελῆ,
476 943 631 998 ταῦτ’
672 944 760 998 ἐπὶ
814 953 910 1014 τῆς
962 944 1167 1014 ἡμέρας
1221 945 1432 1015 ἐκείνης
1484 946 1664 1016 ἀθρόα
1717 954 1814 1015 τῆς

58 1055 99 1087 10
115 1032 396 1103 Ῥωμαίων
428 1032 724 1102 ἡγεμονίας
756 1033 926 1096 ἔδειξε
957 1035 1018 1086 τὸ
1052 1032 1302 1102 μέγεθος.
1352 1034 1533 1103 <134>
1564 1034 1810 1103 ἀργύρου

121 1123 225 1192 γὰρ
279 1120 371 1174 καὶ
423 1129 634 1192 χρυσοῦ
688 1120 779 1174 καὶ
834 1120 1129 1192 ἐλέφαντος
1185 1121 1244 1175 ἐν
1299 1125 1585 1185 παντοίαις
1640 1121 1812 1186 ἰδέαις

119 1211 651 1279 κατασκευασμάτων
675 1205 746 1278 ἣν
770 1209 909 1278 ὁρᾶν
934 1210 1035 1280 οὐχ
1067 1211 1250 1278 ὥσπερ
1284 1210 1346 1264 ἐν
1377 1219 1564 1281 πομπῇ
1597 1214 1810 1280 κομιζό-

119 1318 288 1367 μενον
328 1302 569 1367 πλῆθος,
616 1297 734 1351 ἀλλ’
770 1299 843 1361 ὡς
882 1298 951 1358 ἂν
991 1304 1136 1352 εἴποι
1182 1319 1263 1362 τις
1303 1297 1501 1369 ῥέοντα
1546 1302 1809 1368 ποταμόν.

118 1385 208 1439 καὶ
255 1388 318 1439 τὰ
364 1383 466 1456 μὲν
506 1386 566 1440 ἐκ
611 1388 902 1457 πορφύρας
948 1387 1243 1457 ὑφάσματα
1290 1395 1383 1456 τῆς
1431 1388 1810 1456 σπανιωτάτης

54 1497 95 1529 15
121 1477 429 1545 φερόμενα,
482 1476 547 1528 τὰ
595 1473 647 1528 δ’
685 1477 763 1538 εἰς
809 1475 1006 1545 ἀκριβῆ
1056 1478 1374 1546 ζωγραφίαν
1417 1474 1810 1545 πεποικιλμένα

116 1572 179 1633 τῇ
219 1565 599 1633 Βαβυλωνίων
638 1561 825 1634 τέχνῃ·
855 1564 1056 1632 (135)
1095 1566 1252 1617 λίθοι
1290 1583 1347 1616 τε
1395 1565 1707 1633 διαφανεῖς,
1755 1567 1814 1618 οἳ

114 1649 215 1721 μὲν
245 1661 472 1722 χρυσοῖς
503 1650 937 1720 ἐμπεπλεγμένοι
971 1653 1282 1721 στεφάνοις,
1315 1655 1373 1705 οἳ
1405 1649 1465 1705 δὲ
1496 1651 1616 1706 κατ’
1640 1654 1808 1715 ἄλλας

112 1743 385 1809 ποιήσεις,
448 1748 705 1793 τοσοῦτοι
765 1739 1198 1810 παρηνέχθησαν
1257 1741 1396 1793 ὥστε
1459 1746 1663 1809 μαθεῖν
1723 1740 1808 1793 ὅτι

112 1829 290 1898 μάτην
332 1824 480 1882 εἷναί
522 1849 575 1881 τι
620 1829 833 1881 τούτων
875 1829 1111 1882 σπάνιον
1150 1828 1546 1898 ὑπειλήφαμεν.
1624 1828 1807 1897 <136>

8 1939 14 1942 ·
47 1939 89 1971 20
115 1916 337 1987 ἐφέρετο
379 1914 440 1970 δὲ
479 1915 570 1970 καὶ
609 1922 763 1970 θεῶν
803 1916 1086 1986 ἀγάλματα
1124 1927 1235 1970 τῶν
1265 1914 1392 1987 παρ’
1425 1917 1612 1979 αὐτοῖς
1650 1915 1805 1984 μεγέ-

111 2013 239 2059 θεσι
293 2007 591 2075 θαυμαστὰ
656 2004 747 2058 καὶ
801 2007 936 2059 κατὰ
991 2007 1090 2074 τὴν
1145 2004 1345 2075 τέχνην
1400 2005 1468 2059 οὐ
1520 2003 1807 2075 παρέργως

111 2094 478 2163 πεποιημένα,
524 2092 615 2147 καὶ
654 2095 868 2148 τούτων
909 2091 1076 2147 οὐδὲν
1117 2094 1147 2146 ὅ
1186 2114 1238 2147 τι
1285 2094 1358 2162 μὴ
1397 2101 1493 2163 τῆς
1538 2093 1674 2162 ὕλης
1711 2101 1807 2161 τῆς

110 2187 461 2245 πολυτελοῦς.
513 2180 666 2254 ζςόων
690 2202 747 2236 τε
775 2181 974 2236 πολλαὶ
1001 2184 1196 2251 φύσεις
1226 2183 1562 2251 παρήγοντο,
1594 2184 1805 2250 κόσμον

112 2273 318 2325 οἰκεῖον
358 2270 619 2324 ἁπάντων
664 2270 1077 2341 περικειμένων.
1157 2270 1341 2340 <137>
1384 2266 1455 2339 ἦν
1496 2268 1558 2323 δὲ
1603 2268 1694 2323 καὶ
1742 2271 1804 2323 τὸ

44 2380 86 2413 25
110 2363 334 2429 κομίζον
375 2359 573 2413 ἕκαστα
612 2361 825 2413 τούτων
862 2359 1180 2428 ἀνθρώπων
1217 2363 1433 2428 πλῆθος
1471 2356 1805 2428 ἁλουργέσιν

111 2447 310 2516 ἐσθῆσι
364 2446 455 2501 καὶ
503 2449 823 2518 διαχρύσοις
869 2446 1300 2518 κεκοσμημένον,
1355 2448 1415 2501 οἵ
1462 2444 1513 2500 τ’
1543 2449 1622 2509 εἰς
1667 2447 1801 2500 αὐτὸ

109 2539 170 2591 τὸ
217 2538 521 2606 πομπεύειν
561 2535 944 2606 διακριθέντες
990 2536 1269 2606 ἐξαίρετον
1308 2533 1460 2606 εἶχον
1503 2533 1595 2588 καὶ
1640 2554 1803 2587 κατα-

109 2626 411 2694 πληκτικὴν
457 2624 582 2696 περὶ
630 2626 832 2688 αὑτοὺς
877 2633 976 2679 τοῦ
1022 2628 1232 2695 κόσμου
1282 2626 1384 2693 τὴν
1427 2622 1803 2677 πολυτέλειαν.

111 2714 292 2783 <138>
345 2712 434 2767 ἐπὶ
486 2715 704 2778 τούτοις
765 2714 893 2767 οὐδὲ
954 2723 1065 2767 τῶν
1120 2714 1480 2783 αἰχμαλώτων
1534 2707 1605 2780 ἦν
1661 2712 1803 2764 ἰδεῖν

41 2823 86 2855 30
110 2806 278 2872 ὄχλον
311 2803 639 2872 ἀκόσμητον,
681 2800 799 2856 ἀλλ’
830 2802 864 2871 ἡ
897 2811 1009 2855 τῶν
1043 2801 1296 2870 ἐσθήτων
1327 2804 1572 2856 ποικιλία
1609 2798 1700 2854 καὶ
1738 2802 1801 2854 τὸ

108 2891 309 2954 κάλλος
354 2891 542 2955 αὐτοῖς
588 2893 689 2960 τὴν
737 2890 843 2945 ἀπὸ
890 2898 988 2960 τῆς
1040 2893 1328 2953 κακώσεως
1372 2899 1484 2944 τῶν
1532 2890 1803 2958 σωμάτων

1446 2976 1532 3020 10*
