2032 3128
721 114 932 155 ΛΟΓΟΣ
962 114 1283 156 ΠΡοΤΕΡοΣ
1741 112 1851 164 209

164 247 388 300 πάντων
421 245 700 315 ἐκράτησε,
739 245 831 299 καὶ
870 248 967 300 τὸν
999 249 1137 301 ναὸν
1170 247 1431 317 ἐνέπρησε
1467 249 1567 301 τὸν
1599 247 1658 301 ἐν
1688 245 1857 316 Ἱερο-

165 336 455 403 σολύμοις,
510 335 651 397 ὅλως
697 354 755 388 τε
800 335 980 388 πάντα
1026 337 1124 388 τὸν
1169 334 1294 404 παρ’
1335 336 1491 405 ἡμῶν
1539 338 1676 390 λαὸν
1723 335 1855 389 ἀνα-

165 425 366 491 στήσας
411 424 489 485 εἰς
526 425 836 491 Βαβυλῶνα
882 421 1195 496 μετῴκισεν.
1273 424 1478 494 συνέβη
1519 421 1581 478 δὲ
1622 422 1713 477 καὶ
1753 425 1855 493 τὴν

162 513 328 563 πόλιν
384 510 743 580 ἐρημωθῆναι
804 515 1010 583 χρόνον
1067 513 1202 565 ἐτῶν
1257 511 1636 581 ἑβδομήκοντα
1694 511 1853 582 μέχρι

116 622 138 654 5
163 600 357 669 Κύρου
418 607 518 652 τοῦ
572 604 811 668 Περσῶν
864 599 1146 668 βασιλέως.
1238 601 1416 668 <133>
1470 610 1735 670 κρατῆσαι
1791 599 1859 653 δέ

160 700 298 755 φησι
330 688 426 739 τὸν
450 690 817 755 Βαβυλώνιον
843 689 1130 756 Αἰγύπτου
1158 693 1370 756 Συρίας
1404 692 1671 757 Φοινίκης
1694 687 1852 755 Ἀρα-

159 764 306 843 βίας,
360 776 568 839 πάντας
617 773 728 846 [δὲ]
776 778 1230 846 ὑπερβαλόμενον
1277 788 1396 840 ταῖς
1448 777 1676 843 πράξεσι
1721 779 1852 839 τοὺς

157 865 263 931 πρὸ
304 863 476 918 αὐτοῦ
510 866 806 917 Χαλδαίων
841 864 933 917 καὶ
962 868 1343 933 Βαβυλωνίων
1375 868 1850 937 βεβασιλευκότας.

157 951 339 1020 <134>
374 949 510 1021 [εἷθ’
531 950 653 1021 ἑξῆς
682 952 1031 1021 ὑποκαταβὰς
1063 953 1256 1021 ὀλίγον
1289 953 1318 1006 ὁ
1351 955 1652 1022 Βηρωσσὸς
1681 953 1849 1006 πάλιν

89 1066 132 1097 10
155 1044 519 1109 παρατίθεται
574 1041 633 1093 ἐν
687 1048 752 1111 τῇ
807 1049 902 1109 τῆς
955 1041 1310 1111 ἀρχαιότητος
1370 1040 1847 1111 ίστοριογραφίᾳ·]

155 1128 293 1182 αὐτὰ
326 1126 388 1182 δὲ
418 1131 815 1200 παραθήσομαι
845 1130 912 1182 τὰ
943 1137 1043 1182 τοῦ
1067 1133 1396 1198 Βηρωσσοῦ,
1426 1137 1627 1182 τοῦτον
1653 1131 1848 1199 ἔχοντα

151 1220 250 1270 τὸν
283 1220 504 1287 τρόπον.
575 1216 756 1286 <135>
790 1218 1049 1281 εἀκούσας
1088 1214 1138 1271 δ’
1170 1219 1198 1272 ὁ
1238 1220 1414 1287 πατὴρ
1452 1218 1624 1271 αὐτοῦ
1655 1221 1847 1287 Ναβο-

151 1307 505 1376 παλάσσαρος
544 1307 627 1359 ὅτι
668 1307 696 1361 ὁ
736 1305 1063 1375 τεταγμένος
1103 1308 1378 1377 σατράπης
1411 1310 1471 1360 ε”ν
1501 1305 1549 1359 τ’
1578 1308 1844 1379 Αἰγύπτῳ

152 1393 242 1447 καὶ
282 1405 398 1458 τοῖς
435 1393 559 1464 περὶ
598 1395 700 1463 τὴν
731 1399 950 1465 Συρίαν
988 1396 1090 1464 τὴν
1122 1398 1338 1465 Κοίλην
1377 1394 1468 1448 καὶ
1507 1396 1610 1464 τὴν
1652 1399 1845 1449 Φοινί-

84 1507 127 1539 15
151 1504 255 1552 κην
301 1487 490 1546 τόποις
544 1483 851 1552 ἀποστάτης
904 1483 1152 1552 γέγονεν,
1208 1484 1275 1538 οὐ
1323 1484 1633 1553 δυνάμενος
1679 1485 1844 1547 αὐτὸς

151 1573 230 1624 ἔτι
275 1577 636 1638 κακοπαθεῖν,
689 1574 964 1641 συστήσας
1011 1579 1084 1644 τῷ
1131 1573 1235 1643 υἱῷ
1282 1573 1842 1646 Ναβουχοδονοσόρῳ

150 1662 270 1712 ὄντι
302 1662 382 1713 ἔτι
415 1660 475 1714 ἐν
507 1661 694 1732 ἡλικίᾳ
732 1659 867 1730 μέρη
900 1661 1024 1713 τινὰ
1062 1669 1158 1729 τῆς
1198 1661 1501 1729 δυνάμεως,
1541 1659 1843 1730 ἐξέπεμψεν

149 1748 232 1802 ἐπ’
265 1749 450 1803 αὐτόν.
481 1823 483 1825 ¹
522 1749 703 1818 <136>
744 1751 1012 1818 συμμίξας
1052 1746 1112 1802 δὲ
1151 1750 1727 1819 Ναβουχοδονόσορος
1764 1757 1840 1822 τςό

147 1836 425 1908 ἀποστάτῃ
470 1836 562 1892 καὶ
606 1838 1055 1907 παραταξάμενος
1102 1839 1274 1892 αὐτοῦ
1325 1836 1370 1890 τ’
1412 1837 1694 1907 ἐκυρίευσε
1748 1837 1840 1892 καὶ

10 1945 13 1947 ’
76 1952 122 1984 20
146 1927 247 1995 τὴν
286 1929 472 1998 χώραν
512 1927 567 1992 ἐξ,
608 1927 776 1997 ἀρχῆς
822 1928 930 1981 ὑπὸ
970 1928 1071 1995 τὴν
1111 1927 1284 1980 αὑτοῦ
1330 1930 1616 1995 βασιλείαν
1657 1926 1840 1997 ἐποιή-

147 2030 293 2070 σατο.
371 2025 445 2088 τῷ
503 2013 563 2069 δὲ
616 2015 780 2086 πατρὶ
843 2016 1014 2070 αὐτοῦ
1078 2015 1283 2085 συνέβη
1339 2017 1838 2090 Ναβοπαλασσάρῳ

144 2106 280 2158 κατὰ
330 2114 529 2158 τοῦτον
576 2107 674 2159 τὸν
720 2107 917 2172 καιρὸν
964 2104 1380 2173 ἀρρωστήσαντι
1435 2104 1495 2157 ἐν
1540 2113 1606 2175 τῇ
1653 2108 1839 2173 Βαβυ-
1900 2128 1906 2133 ·

145 2197 367 2248 λωνίων
405 2197 562 2248 πόλει
601 2194 929 2263 μεταλλάξαι
967 2194 1064 2247 τὸν
1104 2196 1250 2262 βίον,
1289 2195 1380 2262 ἔτη
1420 2196 1837 2263 βεβασιλευκότι

145 2288 318 2336 εἴκοσι
358 2281 449 2336 καὶ
489 2282 565 2336 ἔν.
636 2283 816 2352 <137>
856 2284 1192 2351 αἰσθόμενος
1223 2279 1284 2335 δὲ
1316 2280 1434 2351 μετ’
1460 2282 1528 2335 οὐ
1559 2286 1702 2336 πολὺ
1736 2285 1839 2352 τὴν

76 2393 120 2426 25
143 2379 244 2424 τοῦ
298 2374 503 2441 πατρὸς
548 2373 808 2440 τελευτὴν
848 2372 1447 2441 Ναβουχοδονόσορος,
1497 2374 1838 2441 καταστήσας

142 2461 208 2512 τὰ
246 2461 383 2513 κατὰ
422 2461 523 2529 τὴν
561 2466 847 2528 Αἴγυπτον
885 2460 1174 2530 πράγματα
1220 2458 1310 2512 καὶ
1349 2461 1451 2528 τὴν
1491 2461 1692 2529 λοιπὴν
1732 2461 1836 2530 χώ-

143 2569 264 2619 ραν,
304 2548 394 2603 καὶ
435 2551 564 2611 τοὺς
595 2550 974 2619 αἰχμαλώτους
1006 2546 1296 2602 Ἰουδαίων
1327 2567 1386 2601 τε
1423 2547 1515 2601 καὶ
1553 2551 1834 2602 Φοινίκων

142 2636 233 2694 καὶ,
273 2639 480 2707 Σύρων
526 2637 616 2691 καὶ
664 2648 774 2691 τῶν
820 2639 955 2691 κατὰ
1000 2638 1102 2707 τὴν
1141 2642 1430 2705 Αἴγυπτον
1471 2636 1656 2690 ἐθνῶν
1703 2651 1834 2690 συν-

139 2726 303 2790 τάξας
347 2727 459 2781 τισὶ
504 2737 615 2781 τῶν
654 2733 835 2798 φίλων
875 2728 1007 2796 μετὰ
1054 2735 1148 2797 τῆς
1194 2727 1500 2798 βαρυτάτης
1547 2727 1835 2795 δυνάμεως

73 2837 118 2869 30
141 2814 231 2869 καὶ
277 2824 373 2885 τῆς
419 2821 612 2886 λοιπῆς
665 2818 930 2886 ὠφελείας
982 2816 1331 2886 ἀνακομίζειν
1379 2818 1456 2878 είς
1501 2816 1602 2884 τὴν
1648 2817 1835 2883 Βαβυ-

142 2907 367 2972 λωνίαν,
416 2905 580 2969 αὐτὸς
619 2906 863 2976 ὁρμήσας
903 2893 1188 2974 ὀλιγοστὸς
1234 2905 1564 2974 παρεγένετο
1604 2904 1696 2956 διὰ
1736 2911 1834 2972 τῆς

229 3000 440 3034 ΙοεΕιἮυε.
471 3001 538 3034 VI.
1509 2995 1564 3033 14
