2032 3128
234 157 345 209 294
788 159 889 199 ΕΙΣ
920 157 1356 199 ΜΑΚΚΑΒΑΙΟΤΣ

226 292 509 359 λογισμός;
568 288 673 358 ἐγὼ
727 287 828 358 μὲν
875 286 1039 358 οἶμαι.
1122 290 1266 358 <18>
1312 298 1610 357 τοιγαροῦν
1657 290 1908 362 ἐνύδρων

224 378 628 446 ,ἐπιθυμοῦντες
680 376 771 430 καὶ
820 375 1032 447 ὀρνέων
1083 376 1174 430 καὶ
1227 379 1578 447 τετραπόδων
1629 377 1720 432 καὶ
1772 397 1908 432 παν-

226 469 392 519 τοίων
437 465 745 535 βρωμάτων
782 474 893 518 τῶν
939 463 1404 534 ἀπηγορευμένων
1449 465 1582 535 ἡμῖν
1629 467 1763 520 κατὰ
1810 469 1908 521 τὸν

225 558 401 622 νόμον
439 553 754 622 ἀπεχόμεθα
802 554 893 605 διὰ
940 554 1042 626 τὴν
1085 560 1184 606 τοῦ
1230 557 1499 622 λογισμοῦ
1538 553 1906 624 ἐπικράτειαν·

224 643 367 711 <19>
406 643 627 712 ἄγχεται
666 642 771 710 γὰρ
803 642 868 694 τὰ
907 650 1017 694 τῶν
1057 639 1290 710 ὀρέξεων
1327 642 1482 710 πάθη
1521 641 1629 696 ὑπὸ
1668 651 1766 696 τοῦ
1803 645 1908 697 σώ-
1953 667 1973 700 5

221 751 431 801 φρονος
483 731 612 792 νοὸς
663 729 1103 798 ἀνακοπτόμενα,
1156 727 1248 782 καὶ
1300 738 1564 799 φιμοῦται
1617 731 1794 784 πάντα
1843 733 1909 785 τὰ

221 828 322 873 τοῦ
362 820 613 888 σώματος
650 821 919 887 κινήματα
958 818 1065 872 ὑπὸ
1105 825 1206 871 τοῦ
1244 822 1528 887 λογισμοῦ.

334 908 480 976 <20>
519 906 611 961 καὶ
649 910 707 961 τί
738 909 1083 976 θαυμαστόν,
1129 908 1182 959 εί
1217 904 1308 959 καὶ
1347 915 1443 975 τῆς
1480 915 1658 977 ψυχῆς
1696 908 1758 960 αἱ
1796 907 1909 962 ἐπι-

219 998 421 1065 θυμίαι
466 997 603 1065 πρὸς
648 996 749 1062 τὴν
787 1003 886 1048 τοῦ
931 995 1170 1057 κάλλους
1208 997 1505 1064 μετουσίαν
1546 994 1907 1065 ἀκυροῦνται;

149 1119 151 1121 ·
220 1085 387 1155 ταύτῃ
435 1091 573 1152 γοῦν
612 1084 642 1138 6
683 1084 923 1151 σώφρων
963 1080 1163 1152 Ἰωσὴφ
1212 1081 1535 1152 ἐπαινεῖται,
1581 1083 1667 1136 ὅτι
1705 1091 1779 1155 τῷ
1820 1089 1906 1138 λο-
1932 1111 1974 1143 10

218 1181 396 1245 γισμῷ
442 1171 532 1225 καὶ
578 1179 643 1241 τῇ
693 1173 912 1243 διανοίᾳ
956 1171 1344 1240 περιεκράτησε
1394 1179 1488 1239 τῆς
1537 1171 1907 1240 ἡδυπαθείας·

218 1262 361 1330 <21>
406 1258 532 1323 νέος
585 1260 689 1328 γὰρ
739 1259 818 1311 ὢν
863 1257 953 1312 καὶ
1000 1258 1251 1328 ἀκμάζων
1303 1261 1441 1330 πρὸς
1495 1263 1908 1330 συνουσιασμὸν

218 1350 469 1418 ἠκύρωσε
523 1355 597 1419 τῷ
653 1352 897 1420 λογισμῷ
952 1348 1051 1400 τὸν
1103 1357 1215 1400 τῶν
1268 1352 1469 1401 παθῶν
1519 1344 1758 1418 οἶστρον.
1842 1349 1909 1403 οὐ

218 1440 393 1507 μόνον
441 1434 502 1489 δὲ
546 1438 648 1505 τὴν
695 1434 782 1490 ἐπὶ
830 1445 925 1506 τῆς
969 1436 1317 1505 ἡδυπαθείας
1363 1438 1755 1506 οἰστρηλασίαν
1795 1436 1908 1490 ἐπι-

218 1536 438 1597 κρατεῖν
478 1526 507 1579 6
554 1526 816 1594 λογισμὸς
860 1527 1142 1595 φαίνεται,
1189 1525 1328 1579 ἀλλὰ
1370 1524 1462 1578 καὶ
1500 1525 1676 1593 πάσης
1714 1525 1906 1579 ἐπιθυ·
1932 1550 1974 1583 15

218 1618 343 1683 μιάς
386 1616 672 1678 δεσπόζειν
710 1614 1115 1667 ἀναδείκνυται.
1192 1615 1335 1681 <22>
1374 1612 1521 1682 λέγει
1567 1622 1706 1682 γοῦν
1745 1614 1775 1667 6
1814 1616 1907 1667 νό-

217 1723 318 1772 μος
357 1703 479 1756 (οὐκ
518 1701 880 1771 ἐπιθυμήσεις
925 1703 1025 1771 τὴν
1071 1712 1308 1770 γυναῖκα
1353 1710 1454 1756 τοῦ
1498 1705 1737 1770 πλησίον
1786 1716 1906 1769 σου,

217 1789 348 1845 οὐδὲ
402 1791 504 1844 ὅσα
557 1798 658 1845 τοῦ
713 1793 949 1858 πλησίον
1004 1806 1107 1844 σου
1155 1791 1310 1844 ἐστί’
1395 1793 1573 1844 καίτοι
1629 1791 1717 1843 ὅτε
1773 1789 1902 1860 μηδ’

217 1880 512 1949 ἐπιθυμεῖν
550 1880 691 1949 ἡμᾶς
728 1886 945 1950 εἴρηκεν
978 1881 1007 1934 6
1039 1882 1228 1949 νόμος,
1268 1883 1411 1934 πολὺ
1450 1879 1621 1934 πλέον
1658 1879 1896 1949 πείσαιμ’

217 1969 286 2022 ἂν
340 1969 480 2036 ὑμᾶς
529 1970 614 2022 ὅτι
667 1978 778 2022 τῶν
827 1968 1139 2038 ἐπιθυμιῶν
1184 1978 1406 2037 κρατεῖν
1454 1970 1686 2022 δύναται
1733 1969 1762 2022 6
1815 1973 1905 2021 λο-
1929 1990 1971 2022 20

217 2060 437 2126 γισμός,
491 2059 672 2128 ὥσπερ
727 2056 818 2111 καὶ
867 2067 979 2111 τῶν
1029 2062 1349 2111 κωλυτικῶν
1402 2065 1497 2127 τῆς
1551 2058 1907 2126 δικαιοσύνης

216 2151 437 2199 παθῶν·
492 2146 638 2215 <23>
679 2145 794 2199 ἐπεὶ
833 2150 957 2199 τίνα
996 2149 1204 2216 τρόπον
1243 2147 1565 2215 μονοφάγος
1606 2165 1688 2208 τις
1727 2146 1805 2197 ὢν
1844 2147 1905 2197 τὸ

216 2231 358 2302 ἦθος
402 2233 495 2287 καὶ
548 2238 953 2303 γαστρίμαργος
1005 2233 1096 2288 καὶ
1143 2233 1388 2304 μέθυσος
1437 2234 1906 2304 μεταπαιδεύεται,

218 2325 268 2375 εί
312 2324 385 2392 μὴ
435 2324 607 2392 δῆλον
653 2323 738 2376 ὅτι
775 2325 966 2394 κύριός
1008 2323 1121 2377 ἐστι
1159 2333 1270 2377 τῶν
1308 2329 1509 2377 παθῶν
1550 2324 1578 2377 6
1620 2324 1902 2391 λογισμός;

217 2410 411 2463 αὐτίκα
449 2420 588 2479 γοῦν
628 2412 656 2465 6
697 2420 770 2483 τῷ
811 2414 964 2485 νόμῳ
1002 2414 1449 2481 πολιτευόμενος,
1496 2411 1599 2464 κᾶν
1637 2411 1905 2481 φιλάργυ-
1930 2431 1972 2464 25
2031 2463 2032 2466 ,

216 2502 314 2568 ρός
351 2520 431 2563 τις
471 2495 529 2570 ᾗ,
577 2501 817 2569 βιάζεται
856 2503 953 2554 τὸν
993 2501 1166 2554 αὑτοῦ
1205 2503 1430 2569 τρόπον,
1468 2509 1585 2563 τοῖς
1623 2498 1907 2568 δεομένοις

215 2590 485 2653 δανείζων
523 2587 690 2658 χωρὶς
727 2592 906 2642 τόκων
943 2587 1035 2642 καὶ
1077 2591 1139 2643 τὸ
1181 2590 1405 2643 δάνειον
1436 2598 1548 2642 τῶν
1580 2586 1906 2657 ἑβδομάδων

213 2676 499 2730 ἐνστασῶν
538 2678 1046 2747 χρεωκοπούμενος·
1092 2678 1237 2746 <24>
1276 2676 1381 2731 κᾶν
1420 2679 1694 2746 φειδωλός
1731 2697 1813 2740 τις
1850 2671 1903 2748 ᾗ,

215 2764 324 2818 ὑπὸ
363 2774 463 2818 τοῦ
502 2768 679 2834 νόμου
717 2775 993 2835 κρατεῖται
1033 2767 1126 2819 διὰ
1163 2768 1262 2820 τὸν
1302 2768 1585 2834 λογισμόν,
1625 2768 1757 2834 μήτε
1791 2764 1904 2818 ἐπι-

214 2855 734 2923 καρπολογούμενος
779 2857 910 2917 τοὺς
960 2854 1201 2923 ἀμητοὺς
1250 2856 1383 2923 μήτε
1430 2853 1903 2923 ἐπιρρωγολογού-
1928 2873 1971 2905 30

215 2960 380 3009 μενος
425 2945 554 3005 τοὺς
600 2942 939 3011 ἀμπελῶνας.
1014 2941 1105 2996 καὶ
1145 2941 1232 2995 ἐπὶ
1279 2951 1392 2996 τῶν
1431 2944 1609 3010 ἔργων
1653 2939 1714 2995 δὲ
1754 2943 1904 2994 ἔστιν
