2032 3128
237 50 308 103 60
663 51 788 93 'ror
818 50 1159 93 ΙοΤΔΔῙκοΤ
1187 51 1496 93 ΠΟΛΕΜΟΥ
1963 0 2001 164 ἓ

236 203 387 238 οιντο
429 185 521 237 διὰ
552 185 653 253 τὴν
686 184 1005 254 συμφοράν,
1043 182 1330 253 εἰσέπεμψε
1359 185 1497 254 πρὸς
1528 186 1624 237 τὸν
1651 181 1913 253 Ἰωάννην

234 270 325 324 καὶ
370 272 468 325 τὸν
508 274 763 341 Σίμωνα,
817 272 997 341 <456>
1036 279 1142 324 νῦν
1181 270 1233 339 γ’
1267 271 1372 340 ἤδη
1419 273 1740 326 παύσασθαι
1778 288 1915 341 παρ-
1987 311 1990 314 <

235 369 433 426 αινῶν,
484 357 573 411 καὶ
614 361 687 429 μὴ
726 361 862 428 πρὸς
901 359 1185 428 ἀναίρεσιν
1222 366 1316 428 τῆς
1356 362 1566 423 πόλεως
1594 360 1765 414 αὐτὸν
1796 360 1916 429 βιά-

238 451 450 514 ζεσθαι,
504 449 766 518 κερδῆσαι
812 449 845 501 δ
853 447 865 466 '
909 447 968 500 ἐκ
1012 455 1106 515 τῆς
1152 446 1214 500 έν
1263 447 1516 511 ὑστάτοις
1565 451 1918 517 μεταμελείας

235 535 329 598 τάς
367 532 413 588 τ’
461 535 645 589 αὐτῶν
683 537 862 605 ψυχὰς
891 534 982 589 καὶ
1013 535 1347 604 τηλικαύτην
1376 538 1614 605 πατρίδα
1651 535 1742 589 καὶ
1781 537 1919 589 ναὸν
1962 555 1993 590 5·-

235 623 611 692 ἀκοινώνητον
665 625 867 687 ἄλλοις.
949 622 1130 692 <457>
1183 624 1411 692 περιιὼν
1467 621 1528 676 δὲ
1581 625 1646 676 τὰ
1699 625 1919 694 χώματα

236 715 365 775 τοὺς
403 710 801 782 ἐργαζομένους
835 713 946 781 ἅμα
977 713 1322 780 κατήπειγεν,
1360 711 1434 774 ὡς
1466 711 1567 765 οὐκ
1598 713 1675 774 εἰς
1706 712 1920 782 μακρὰν
1988 756 1990 758 .

237 800 640 868 ἀκολουθήσων
679 802 861 870 ἔργοις
898 807 971 872 τῷ
1012 802 1175 872 λόγῳ,
1236 798 1416 869 <458>
1456 800 1594 869 πρὸς
1624 807 1794 853 ταῦτα
1823 800 1921 852 αὐ·

236 892 334 942 τόν
373 884 421 941 τ’
458 888 849 958 ἐβλασφήμουν
881 888 988 942 ἀπὸ
1021 895 1120 942 τοῦ
1150 890 1365 958 τείχους
1402 891 1657 959 Καίσαρα
1694 887 1785 942 καὶ
1823 890 1922 942 τὸν

235 976 441 1047 πατέρα
474 977 664 1044 αὐτοῦ,
695 975 787 1030 καὶ
810 985 909 1030 τοῦ
933 973 1034 1046 μὲν
1058 977 1310 1030 θανάτου
1341 984 1711 1047 καταφρονεῖν
1744 975 1921 1046 ἐβόων
1945 997 2005 1030 ιοττ

237 1064 505 1137 (ᾑρῆσθαι
545 1066 649 1133 γὰρ
689 1065 861 1118 αὐτὸν
890 1066 997 1134 πρὸ
1038 1066 1294 1127 δουλείας
1323 1063 1546 1135 καλῶς),
1586 1063 1922 1135 ἐργάσεσθαι
1995 1063 1999 1067 “

237 1152 286 1207 δ’
325 1153 404 1207 60²
445 1153 515 1207 ἂν
557 1154 834 1206 δύνωνται
871 1154 1011 1205 κακὰ
1041 1151 1342 1222 Ῥωμαίους
1381 1153 1482 1216 ἕως
1519 1152 1590 1206 ἂν
1630 1151 1923 1223 ἐμπνέωσι,

234 1244 497 1311 πατρίδος
545 1239 593 1295 δ’
635 1241 702 1295 οὐ
749 1239 936 1310 μέλειν
982 1251 1098 1304 τοῖς
1144 1242 1216 1304 ὡς
1263 1241 1429 1304 αὐτός
1474 1255 1647 1311 φησιν
1686 1240 1923 1295 ἀπολου-
2016 1312 2017 1317 1

236 1331 448 1401 μένοις,
494 1329 585 1383 καὶ
634 1331 773 1383 ναὸν
819 1329 1024 1399 ἀμείνω
1071 1331 1272 1383 τούτου
1311 1337 1386 1401 τῷ
1425 1335 1541 1402 θεῷ
1579 1331 1677 1383 τὸν
1715 1332 1924 1399 κόσμον

235 1416 393 1473 εἶναι.
453 1418 636 1488 <459>
676 1421 1041 1486 σωθήσεσθαί
1067 1437 1128 1486 γε
1168 1420 1278 1488 μὴν
1316 1416 1407 1471 καὶ
1446 1426 1646 1472 τοῦτον
1683 1418 1793 1471 ὑπὸ
1824 1426 1923 1471 τοῦ
1948 1439 1993 1473 15

225 1516 650 1575 κατοικοῦντος,
697 1507 763 1560 ὃν
800 1505 893 1560 καὶ
937 1505 1095 1561 αὐτοὶ
1145 1508 1433 1577 σύμμαχον
1481 1509 1698 1578 ἔχοντες
1740 1513 1924 1560 πᾶσαν

235 1597 517 1667 χλευάζειν
573 1595 805 1664 ἀπειλὴν
860 1595 1205 1665 ὑστεροῦσαν
1255 1597 1456 1665 ἔργων·
1502 1598 1564 1650 τὸ
1615 1596 1720 1664 γὰρ
1771 1594 1926 1658 τέλος

235 1682 377 1739 εἶναι
416 1694 516 1738 τοῦ
555 1689 712 1738 θεοῦ.
771 1692 999 1738 τοιαῦτα
1030 1695 1148 1747 ταῖς
1187 1686 1491 1754 λοιδορίαις
1529 1685 1926 1753 ἀναμίσγοντες

237 1774 614 1841 ἐκεκράγεσαν.

344 1862 526 1930 <460>
565 1860 626 1914 ἐν
659 1858 720 1914 δὲ
744 1862 921 1933 τούτῳ
952 1860 1044 1915 καὶ
1083 1862 1114 1916 ὁ
1140 1858 1442 1932 Ἐπιφανὴς
1475 1859 1751 1932 Ἀντίοχος
1787 1879 1924 1930 παρ-
1950 1883 1995 1916 2⁰

234 1958 330 2018 ῆν,
381 1952 586 2013 ἄλλους
623 1948 683 2003 θ’
722 1950 946 2013 ὁπλίτας
994 1953 1235 2020 συχνοὺς
1281 1952 1422 2021 ἔχων
1460 1949 1550 2004 καὶ
1588 1949 1715 2019 περὶ
1755 1950 1924 2003 αὑτὸν

235 2049 428 2108 στῖφος
465 2039 816 2092 Μακεδόνων
862 2040 1235 2109 καλούμενον,
1279 2040 1471 2108 ἥλικας
1509 2040 1744 2107 πάντας,
1783 2038 1925 2107 ὑψη-

234 2128 392 2195 λούς,
430 2127 624 2195 ὀλίγον
662 2124 800 2197 ὑπὲρ
842 2126 1191 2197 ἀντίπαιδας,
1229 2128 1329 2181 τὸν
1369 2129 1762 2181 Μακεδονικὸν
1801 2129 1925 2196 τρό-

233 2233 341 2269 πον
381 2214 762 2285 ὡπλισμένους
791 2236 849 2269 τε
880 2215 971 2269 καὶ
1002 2215 1493 2286 πεπαιδευμένους,
1533 2217 1671 2270 ὅθεν
1701 2213 1793 2268 καὶ
1824 2216 1926 2284 τὴν

236 2303 525 2372 ἐπίκλησιν
569 2301 753 2374 εἶχον,
806 2306 1168 2375 ὑστεροῦντες
1215 2307 1275 2360 οἱ
1314 2303 1512 2359 πολλοὶ
1565 2313 1665 2358 τοῦ
1715 2302 1926 2372 γένους.
1951 2301 2011 2357 25

233 2393 418 2460 <461>
460 2392 860 2462 εὐδαιμονῆσαι
906 2395 1011 2464 γὰρ
1063 2395 1296 2463 μάλιστα
1344 2403 1456 2447 τῶν
1506 2394 1614 2447 ὑπὸ
1646 2391 1929 2461 Ῥωμαίοις

233 2480 510 2550 βασιλέων
540 2483 639 2535 τὸν
671 2483 1051 2550 Κομμαγηνὸν
1083 2481 1290 2552 συνέβη
1331 2481 1464 2553 πρὶν
1495 2483 1805 2550 γεύσασθαι
1836 2501 1928 2550 με-

233 2572 489 2637 ταβολῆς·
547 2567 795 2638 ἀπέφηνε
843 2567 904 2622 δὲ
950 2571 1202 2634 κάκεῖνος
1248 2569 1336 2624 ἐπὶ
1383 2571 1566 2639 γήρως
1612 2570 1687 2633 ὡς
1725 2569 1929 2624 οὐδένα

231 2658 335 2726 χρὴ
377 2656 560 2726 λέγειν
599 2660 707 2728 πρὸ
746 2658 998 2712 θανάτου
1038 2660 1324 2729 μακάριον.
1401 2659 1586 2728 <462>
1625 2655 1745 2712 ἀλλ’
1794 2659 1824 2712 ὅ
1867 2678 1930 2726 γε

231 2755 359 2808 παῖς
414 2745 748 2815 ἀκμάζοντος
801 2747 975 2800 αὐτοῦ
1029 2756 1328 2817 τηνικαῦτα
1381 2748 1575 2816 παρὼν
1621 2747 1929 2815 θαυμάζειν
1954 2767 1999 2799 so

233 2836 439 2902 ἔφασκε
494 2838 552 2888 τί
594 2836 796 2903 δήποτε
844 2833 1097 2904 Ῥωμαῖοι
1144 2846 1466 2891 κατοκνοῖεν
1512 2834 1801 2906 προσιέναι
1851 2842 1927 2906 τῷ
