2032 3128
596 128 834 170 CONTRA
864 129 1133 171 APIONEM
1163 130 1276 172 Lm.
1302 130 1360 172 11.
1709 125 1816 178 257

136 261 430 331 hominem,
483 261 703 328 ejusque
757 279 950 329 corpus
1005 261 1300 314 sacrificare
1356 261 1642 314 secundum
1697 279 1820 313 suas

136 349 520 418 solemnitateS,
551 352 603 400 et
635 352 854 418 gustare
885 368 950 401 ex
981 350 1093 418 ejus
1124 349 1434 419 visceribuS‚
1473 353 1526 402 et
1556 350 1822 418 jusjuran-

136 437 262 488 dum
293 437 462 488 facere
495 437 552 487 in
583 437 952 490 immolatione
980 435 1170 489 Graeci
1199 441 1261 490 ut
1292 438 1603 490 inimicitias
1635 441 1822 490 contra

136 524 370 577 Graecos
408 525 686 596 haberent,
724 529 777 577 et
815 529 944 578 tunc
973 525 1032 577 in
1063 525 1329 594 quandam
1367 526 1576 579 foveam
1614 526 1822 595 reliqua

68 634 111 667 Υ5
133 613 367 665 hominis
420 613 694 682 pereuntis
750 613 991 682 abjicere.
1069 614 1213 683 (96)
1260 614 1447 666 deinde
1492 615 1657 666 refert
1703 633 1824 666 eum

133 700 330 753 dixisse
368 720 565 770 paucos
600 702 712 770 jam
751 702 862 754 dies
902 702 1113 754 debitos
1152 701 1370 754 sibimet
1411 720 1709 773 superesse,
1748 706 1824 754 at-

134 808 237 858 que
275 804 496 859 rogasse
531 793 592 842 ut
631 790 893 842 reveritus
926 789 1252 842 Graecorum
1290 790 1432 859 deOS,
1472 793 1526 842 et
1564 808 1822 858 superans

131 879 190 930 in
245 896 342 931 suo
391 877 653 947 sanguine
702 878 926 931 insidias
972 878 1323 948 Judaeorum,
1376 879 1438 930 de
1491 878 1647 930 malis
1701 897 1823 931 eum

130 966 636 1019 circumastantibus
659 966 927 1019 liberaret.
980 968 1123 1035 <97>
1153 966 1460 1035 hujusmodi
1485 985 1613 1036 ergo
1637 967 1821 1019 fabula

65 1078 107 1109 10
129 1073 240 1107 non
276 1058 492 1107 tantum
531 1056 677 1107 omni
715 1055 992 1125 tragoedia
1031 1055 1345 1124 plenissima
1384 1058 1488 1126 est,
1528 1055 1618 1107 sed
1657 1056 1820 1108 etiam

129 1143 328 1195 crudeli
375 1143 707 1212 impudentia
746 1144 1022 1196 redundat.
1098 1162 1209 1196 non
1246 1147 1428 1196 tamen
1466 1162 1497 1196 a
1535 1144 1819 1214 sacrilegio

129 1231 306 1299 privat
353 1229 708 1301 Antiochum,
764 1233 902 1285 sicut
957 1232 1211 1285 arbitrati
1266 1235 1393 1284 sunt
1440 1231 1533 1301 qui
1577 1232 1710 1285 haec
1755 1233 1822 1285 ad

127 1319 275 1372 illius
314 1321 546 1390 gratiam
585 1321 961 1390 conscripsere.
1040 1321 1184 1389 <98>
1222 1338 1334 1373 non
1372 1320 1514 1372 enim
1550 1339 1820 1389 praesum-

128 1409 238 1476 psit
286 1409 490 1478 aliquid
532 1410 641 1462 tale
679 1413 741 1462 ut
782 1409 848 1462 ad
893 1409 1156 1478 templum
1203 1409 1497 1479 accederet,
1542 1409 1635 1461 sed
1681 1410 1820 1462 sicut

62 1522 104 1553 15
130 1497 280 1549 aiunt
332 1498 538 1550 invenit
591 1516 702 1550 non
757 1516 990 1567 sperans.
1066 1497 1172 1549 fuit
1222 1515 1351 1567 ergo
1396 1497 1676 1550 voluntate
1722 1499 1820 1550 im'-

130 1585 252 1653 quis
291 1586 492 1654 impius
501 1631 515 1657 ,
561 1589 614 1639 et
651 1586 1005 1639 nihilominus
1047 1586 1160 1638 sine
1199 1586 1314 1657 de0,
1360 1585 1614 1655 quicquid
1658 1587 1820 1639 iussit

126 1674 390 1726 mendacii
423 1675 785 1745 superfluitas,
817 1693 976 1744 quam
1000 1693 1064 1727 ex
1095 1674 1214 1743 ipsa
1243 1693 1300 1726 re
1325 1691 1643 1744 cognoscere
1667 1674 1818 1728 valde

126 1762 445 1815 facillimum
493 1767 590 1816 est.
669 1765 810 1831 (99)
831 1824 834 1825 ⁷
853 1781 966 1816 non
1010 1763 1152 1815 enim
1203 1762 1342 1815 circa
1395 1763 1539 1815 solos
1588 1761 1817 1816 Graecos

126 1851 392 1904 discordia
425 1851 608 1921 legum
639 1870 754 1904 esse
786 1852 1135 1922 dignoscitur,
1175 1851 1265 1904 sed
1302 1851 1533 1904 maxime
1565 1851 1817 1905 adversus

4 1940 10 1943 ⁴
59 1964 103 1995 20
126 1938 429 2009 Aegyptios
468 1943 522 1993 et
559 1940 826 2009 plurimos
867 1940 1015 1993 alios,
1079 1940 1228 2009 cujus
1269 1940 1410 1992 enim
1449 1940 1686 2010 regionis
1723 1940 1819 1993 ho-

127 2027 300 2080 mines
338 2046 450 2081 non
480 2029 711 2099 contigit
743 2029 1030 2098 aliquando
1063 2028 1204 2097 apud
1240 2047 1340 2081 nos
1372 2028 1719 2100 peregrinari,
1755 2032 1817 2080 ut

126 2116 378 2169 adversus
420 2117 567 2170 solos
601 2116 834 2171 Graecos
874 2120 1134 2170 renovata
1165 2117 1533 2186 conjuratione
1565 2135 1660 2186 per
1692 2117 1817 2169 effu-

126 2205 332 2257 sionem
372 2207 650 2276 sanguinis
690 2206 1005 2276 ageremus‘?
1068 2206 1250 2274 (100)
1279 2206 1367 2259 vel
1398 2206 1664 2275 quomodo
1697 2224 1816 2274 pos-

125 2294 282 2346 sibile
315 2298 398 2346 est
427 2298 490 2347 ut
521 2295 587 2348 ad
617 2295 715 2348 has
744 2295 953 2348 hostias
986 2313 1169 2348 omnes
1194 2294 1387 2347 Judaei
1419 2294 1818 2365 colligerentur,

58 2406 102 2440 25
125 2386 178 2434 et
209 2383 377 2435 tantis
413 2384 633 2436 milibus
674 2384 740 2436 ad
778 2383 1101 2454 gustandum
1132 2383 1335 2436 viscera
1366 2382 1461 2436 illa
1493 2383 1816 2453 sufficerent,

126 2471 266 2524 sicut
314 2472 390 2524 ait
428 2471 651 2542 Apion?
705 2473 791 2525 vel
829 2491 922 2525 cur
958 2472 1238 2525 inventum
1282 2472 1556 2525 hominem
1595 2472 1816 2540 quicun-

125 2579 228 2629 que
258 2562 364 2613 fuit
406 2560 540 2633 (non
569 2562 712 2614 enim
744 2580 842 2614 suo
873 2561 1091 2615 nomine
1122 2559 1465 2632 conscripsit)
1507 2561 1686 2631 <101>
1721 2564 1815 2613 aut

124 2650 392 2718 quomodo
432 2669 554 2703 eum
600 2651 658 2703 in
697 2669 850 2703 suam
893 2651 1125 2719 patriam
1171 2668 1264 2702 rex
1302 2668 1415 2702 non
1451 2667 1572 2702 cum
1617 2667 1816 2718 pompa

122 2738 383 2791 deduxit?
429 2739 557 2792 dum
594 2742 794 2809 posset,
830 2739 934 2792 hoc
971 2739 1188 2810 facienS,
1225 2739 1341 2807 ipse
1381 2738 1595 2807 quidem
1633 2737 1816 2806 putari

57 2851 100 2883 30
123 2827 246 2895 pius
304 2831 357 2880 et
412 2826 738 2881 Graecorum
791 2831 999 2881 amator
1054 2827 1282 2880 eximius
1291 2872 1306 2899 ,
1363 2845 1633 2879 assumere
1686 2844 1813 2879 vero

122 2920 311 2969 contra
365 2917 401 2969 J
402 2917 693 2970 udaeorum
748 2916 929 2969 odium
983 2916 1182 2969 auxilia
1235 2933 1431 2986 magna
1484 2918 1814 2968 cunctorum.

212 3012 422 3045 Iosapmss.
455 3012 521 3044 VI.
1461 3006 1514 3045 17
