2032 3128
204 115 311 167 282
811 117 971 157 ΚΑΤΑ
999 115 1278 158 ΑΠῙῼΝΟΣ

203 249 460 317 ἀλλήλοις
490 250 584 311 τὰς
622 258 806 319 χεῖρας
843 247 1198 317 προσφέρειν,
1237 248 1375 302 ἀλλὰ
1414 247 1505 301 καὶ
1542 246 1638 301 ὑπ’
1662 248 1880 317 ἀνθρώ-

201 356 321 390 πων
390 336 919 405 τραυματιζομένους
988 338 1292 403 ὀδύρεσθαι
1366 336 1458 390 καὶ
1526 342 1881 390 κακοπαθεῖν.

202 425 384 493 <244>
430 427 491 478 τὸ
540 422 600 477 δὲ
648 426 716 492 δὴ
763 425 986 478 πάντων
1027 424 1440 494 ἀσελγέστατον,
1486 426 1587 493 τὴν
1625 423 1750 493 περὶ
1790 426 1883 487 τὰς

202 514 373 581 μίξεις
411 513 679 581 ἀκρασίαν
717 512 806 565 καὶ
846 516 975 576 τοὺς
1014 517 1215 582 ἔρωτας
1261 523 1374 576 πῶς
1411 513 1512 566 οὐκ
1551 515 1757 566 ἄτοπον
1797 533 1882 580 μι-

201 609 338 668 κροῦ
379 603 498 654 δεῖν
530 603 698 654 ἅπασι
738 603 1038 672 προσάψαι,
1078 601 1169 655 καὶ
1206 612 1320 664 τοῖς
1359 603 1552 671 ἄρρεσι
1590 611 1700 654 τῶν
1730 606 1882 654 θεῶν
1929 624 1949 655 5

200 687 291 741 καὶ
323 699 441 751 ταῖς
472 693 746 758 θηλείαις;
787 690 968 758 <245>
1001 687 1113 743 εἷθ’
1138 691 1166 742 ὁ
1200 692 1586 757 γενναιότατος
1615 687 1705 742 καὶ
1737 699 1882 756 πρῶ-

200 797 318 844 τος,
366 777 531 841 αὐτὸς
570 778 598 832 ὁ
638 780 840 846 πατήρ,
888 780 982 841 τὰς
1027 778 1403 847 ἀπατηθείσας
1450 776 1541 830 ὑπ’
1574 778 1745 831 αὐτοῦ
1792 775 1882 830 καὶ

201 864 499 934 γενομένας
528 856 757 933 ἐγκύους
788 866 1261 936 καθειργνυμένας
1292 865 1325 934 ἢ
1357 865 1884 934 καταποντιζομένας

199 962 453 1025 περιορᾷ,
508 954 598 1007 καὶ
653 958 782 1017 τοὺς
837 954 891 1019 ἐξ
946 954 1117 1010 αὑτοῦ
1172 958 1468 1023 γεγονότας
1518 955 1644 1007 οὔτε
1692 956 1883 1018 σώζειν

201 1044 457 1111 δύναται,
504 1044 875 1111 κρατούμενος
913 1044 1020 1097 ὑπὸ
1059 1051 1155 1112 τῆς
1194 1043 1551 1112 εἱμαρμένης,
1600 1041 1719 1096 οὔτ’
1752 1043 1882 1095 ἀδα-
1909 1066 1951 1096 1‘)
2031 1093 2032 1102 ,

199 1130 357 1200 κρυτὶ
404 1134 533 1194 τοὺς
578 1132 859 1193 θανάτους
906 1132 1090 1186 αὐτῶν
1128 1131 1441 1200 ὑπομένειν.
1521 1131 1701 1200 <246>
1743 1131 1882 1184 καλά
2031 1122 2032 1125 ¹

200 1239 260 1287 γε
300 1228 494 1288 ταῦτα,
534 1219 623 1272 καὶ
663 1221 880 1282 τούτοις
921 1222 1059 1272 ἄλλα
1100 1218 1361 1288 ἑπόμενα,
1402 1223 1645 1290 μοιχείας
1683 1216 1783 1288 μὲν
1823 1219 1883 1272 ἐν

201 1310 419 1380 οὐρανῷ
460 1307 798 1377 βλεπομένης
829 1309 1004 1371 οὕτως
1042 1307 1420 1378 ἀναισχύντως
1451 1309 1559 1362 ὑπὸ
1591 1317 1702 1360 τῶν
1733 1313 1884 1360 θεῶν

198 1398 337 1450 ὥστε
378 1399 529 1459 τινὰς
566 1396 657 1449 καὶ
699 1400 898 1465 ζηλοῦν
938 1398 1231 1466 ὁμολογεῖν
1271 1399 1400 1459 τοὺς
1438 1394 1524 1449 ἐπ’
1556 1396 1692 1465 αὐτῇ
1735 1397 1885 1449 δεδε-

198 1485 411 1554 μένους.
489 1488 546 1538 τί
579 1487 682 1554 γὰρ
725 1486 826 1558 οὐκ
866 1489 1115 1554 ἔμελλον,
1155 1486 1315 1539 ὁπότε
1355 1484 1478 1554 μηδ’
1514 1486 1543 1539 ὁ
1582 1485 1887 1553 πρεσβύτα-
1913 1507 1952 1538 15

197 1594 288 1635 τος
319 1572 409 1625 καὶ
441 1576 701 1642 βασιλεὺς
734 1574 985 1642 ἐδυνήθη
1018 1581 1112 1642 τῆς
1143 1575 1281 1643 πρὸς
1304 1575 1405 1642 τὴν
1429 1583 1666 1641 γυναῖκα
1692 1571 1888 1641 μίξεως

200 1662 443 1731 ἐπισχεῖν
481 1662 582 1730 τὴν
623 1661 801 1731 ὁρμὴν
842 1663 974 1716 ὅσον
1016 1671 1157 1730 γοῦν
1195 1665 1272 1725 εἰς
1311 1664 1372 1716 τὸ
1414 1663 1690 1730 δωμάτιον
1726 1661 1887 1715 ἀπελ-

198 1756 349 1810 θεῖν;
406 1750 588 1819 <247>
640 1753 698 1804 οὗ
745 1748 806 1804 δὲ
861 1753 928 1818 δὴ
987 1751 1348 1813 δουλεύοντες
1400 1761 1515 1814 τοῖς
1568 1750 1889 1819 ἀνθρώποις

197 1843 348 1907 θεοί,
394 1838 485 1892 καὶ
530 1848 638 1893 νῦν
685 1837 787 1908 μὲν
834 1841 1260 1908 οἰκοδομοῦντες
1305 1838 1392 1892 ἐπὶ
1441 1845 1626 1912 μισθῷ
1673 1848 1780 1893 νῦν
1827 1837 1889 1892 δὲ

198 1932 607 1997 ποιμαίνοντες,
656 1929 815 1982 ἄλλοι
864 1926 923 1981 δὲ
971 1931 1176 1996 τρόπον
1223 1929 1549 1996 κακούργων
1598 1928 1658 1981 ἐν
1704 1933 1886 2001 χαλκῷ
1913 1950 1955 1979 20

201 2016 484 2084 δεδεμένοι
533 2018 913 2090 δεσμωτηρίῳ,
959 2021 1083 2070 τίνα
1128 2027 1240 2070 τῶν
1279 2013 1342 2070 εὖ
1382 2019 1748 2086 φρονούντων
1787 2018 1890 2071 οὐκ

200 2105 269 2158 ἂν
315 2106 686 2174 παροξύνειαν
732 2105 823 2159 καὶ
878 2116 992 2169 τοῖς
1038 2114 1209 2159 ταῦτα
1261 2111 1556 2159 συνθεῖσιν
1604 2105 1890 2173 ἐπιπλῆξαι

199 2192 290 2246 καὶ
344 2196 557 2262 πολλὴν
606 2196 870 2263 εὐήθειαν
925 2204 1273 2263 καταγνῶναι
1327 2204 1438 2248 τῶν
1484 2194 1887 2264 προσιεμένων;

198 2282 382 2351 <248>
423 2286 480 2336 οἳ
524 2280 584 2336 δὲ
631 2282 721 2335 καὶ
771 2285 963 2352 δεῖμόν
1002 2303 1127 2336 τινα
1173 2282 1264 2337 καὶ
1305 2286 1504 2352 φόβον,
1549 2285 1656 2352 ἤδη
1699 2280 1761 2336 δὲ
1799 2280 1889 2335 καὶ

201 2372 414 2424 λύσσαν
467 2369 558 2424 καὶ
614 2370 826 2439 ἀπάτην
880 2370 971 2424 καὶ
1025 2374 1082 2425 τί
1130 2373 1234 2440 γὰρ
1291 2370 1415 2440 οὐχὶ
1461 2380 1572 2424 τῶν
1618 2374 1890 2425 κακίστων
1913 2392 1954 2422 25

201 2464 401 2512 παθῶν
441 2461 519 2522 εἰς
564 2465 704 2512 θεοῦ
750 2460 922 2528 φύσιν
966 2458 1056 2512 καὶ
1104 2461 1327 2528 μορφὴν
1368 2458 1699 2512 ἀνέπλασαν.
1775 2469 1891 2521 τοῖς

202 2545 256 2600 δ’
288 2546 683 2617 εὐφημοτέροις
716 2548 928 2600 τούτων
967 2546 1057 2600 καὶ
1096 2550 1264 2601 θύειν
1295 2549 1390 2611 τὰς
1426 2551 1613 2610 πόλεις
1651 2549 1890 2601 ἔπεισαν.

199 2637 382 2705 <249>
413 2644 712 2705 τοιγαροῦν
745 2638 823 2698 εἰς
853 2637 1065 2704 πολλὴν
1090 2636 1336 2705 ἀνάγκην
1368 2639 1732 2690 καθίστανται
1763 2637 1893 2697 τοὺς

201 2724 303 2792 μέν
349 2745 504 2788 τινας
550 2734 661 2778 τῶν
707 2730 859 2778 θεῶν
898 2728 1142 2794 νομίζειν
1182 2727 1419 2796 δοτῆρας
1467 2725 1716 2793 ἀγαθῶν,
1763 2726 1893 2786 τοὺς

201 2810 263 2866 δὲ
301 2818 491 2867 καλεῖν
523 2813 945 2880 ἀποτροπαίους.
1000 2811 1116 2867 εἶτα
1157 2812 1218 2868 δὲ
1256 2815 1504 2882 τούτους,
1546 2815 1726 2881 ὥσπερ
1763 2815 1893 2875 τοὺς
1915 2831 1959 2862 30

199 2903 612 2972 πονηροτάτους
650 2911 761 2954 τῶν
795 2901 1131 2971 ἀνθρώπων,
1169 2904 1354 2972 χάρισι
1393 2901 1484 2955 καὶ
1525 2903 1726 2971 δώροις
1761 2900 1891 2954 ἀπο-
