2032 3128
741 112 951 154 ΛΟΓΟΣ
982 113 1183 154 ΕΚΤΟΣ
1705 112 1809 164 109

129 245 334 314 ρισχὼν
373 244 402 297 ὁ
441 247 696 313 πόλεμος,
735 245 875 314 ὁμοῦ
911 245 1041 307 τούς
1077 243 1135 297 θ’
1175 246 1513 309 ἱκετεύοντας
1550 244 1641 299 καὶ
1679 248 1809 308 τοὺς

128 330 524 400 ἀμυνομένους.
598 333 779 400 <272>
818 334 1043 402 συνήχει
1082 331 1131 385 δ’
1170 332 1204 400 ἡ
1244 332 1382 402 φλὸξ
1423 332 1511 387 ἐπὶ
1548 338 1808 388 πλεῖστον

130 418 464 490 ἐκφερομένη
511 429 625 482 τοῖς
671 429 782 473 τῶν
826 422 1140 473 πιπτόντων
1188 431 1537 491 στεναγμοῖς,
1586 420 1678 474 καὶ
1717 423 1810 474 διὰ

128 505 228 576 μὲν
267 510 328 561 τὸ
373 508 513 572 ὕψος
557 516 658 562 τοῦ
705 510 882 577 λόφου
931 506 1021 561 καὶ
1068 510 1130 561 τὸ
1177 517 1276 562 τοῦ
1329 508 1673 578 φλεγομένου
1720 507 1810 578 μέ-

86 615 107 649 5
130 601 297 663 γεθος
336 598 504 665 ἔργου
542 604 723 649 πᾶσαν
762 597 831 649 ἄν
870 616 952 659 τις
990 596 1143 660 ἔδοξε
1188 600 1445 649 καίεσθαι
1490 598 1591 666 τὴν
1629 599 1811 665 πόλιν,

128 691 222 752 τῆς
260 680 321 736 δὲ
359 687 494 752 βοῆς
533 683 742 753 ἐκείνης
781 681 949 738 οὐδὲν
995 683 1362 753 ἐπινοηθῆναι
1410 683 1621 738 δύναιτ’
1667 685 1736 738 ἂν
1775 684 1809 753 ἢ

128 774 311 840 μεῖζον
349 771 382 840 ἢ
422 773 821 841 φοβερώτερον.
897 771 1079 840 <273>
1116 781 1227 825 τῶν
1265 791 1323 825 τε
1362 773 1466 842 γὰρ
1498 771 1810 841 Ῥωμαϊκῶν

127 860 416 928 ταγμάτων
455 859 766 929 ἀλαλαγμὸς
804 856 875 929 ἦν
914 859 1375 930 συμφερομένων,
1413 859 1504 913 καὶ
1542 869 1652 913 τῶν
1686 874 1811 913 στα-

128 958 367 1001 σιαστῶν
405 947 538 1017 πυρὶ
577 946 668 1001 καὶ
708 949 918 1021 σιδήρῳ
957 948 1389 1018 κεκυκλωμένων
1431 951 1674 1019 κραυγή,
1712 957 1811 1002 τοῦ

61 1058 104 1090 10
128 1033 173 1089 τ’
212 1035 635 1106 ἀποληφθέντος
682 1037 796 1089 ἄνω
843 1042 982 1090 λαοῦ
1029 1040 1201 1106 τροπή
1247 1057 1304 1090 τε
1351 1034 1464 1106 μετ’
1511 1036 1812 1104 ἐκπλήξεως

125 1127 204 1187 εἰς
241 1127 370 1187 τοὺς
408 1128 703 1193 πολεμίους
740 1123 832 1177 καὶ
869 1127 1006 1193 πρὸς
1036 1126 1097 1179 τὸ
1129 1126 1310 1188 πάθος
1343 1127 1591 1194 οἰμωγαί.
1630 1125 1812 1194 <274>

127 1215 368 1282 συνεβόα
419 1211 482 1266 δὲ
530 1222 645 1276 τοῖς
697 1212 783 1266 ἐπὶ
833 1221 932 1267 τοῦ
984 1217 1162 1283 λόφου
1208 1215 1269 1267 τὸ
1316 1215 1450 1267 κατὰ
1496 1215 1598 1282 τὴν
1647 1217 1812 1267 πόλιν

125 1306 364 1370 πλῆθος·
426 1302 532 1370 ἤδη
585 1298 647 1354 δὲ
695 1300 892 1355 πολλοὶ
945 1309 1021 1374 τῷ
1077 1305 1216 1373 λιμῷ
1273 1303 1669 1372 μαραινόμενοι
1721 1300 1811 1354 καὶ

126 1393 448 1459 μεμυκότες,
496 1391 570 1453 ὡς
616 1386 770 1444 εἶδον
807 1391 870 1443 τὸ
916 1398 1016 1443 τοῦ
1055 1398 1196 1444 ναοῦ
1234 1398 1370 1460 πῦρ,
1418 1395 1496 1453 εἰς
1534 1390 1814 1460 ὀδυρμοὺς

60 1498 104 1531 15
125 1479 293 1532 πάλιν
342 1477 434 1532 καὶ
480 1481 728 1549 κραυγὴν
775 1479 1095 1548 εὐτόνησαν.
1172 1481 1398 1548 συνήχει
1438 1476 1487 1532 δ’
1532 1479 1567 1547 ἥ
1607 1498 1663 1532 τε
1704 1483 1813 1531 Πε-

126 1570 253 1635 ραία
292 1565 383 1620 καὶ
421 1569 486 1620 τὰ
524 1566 680 1638 πέριξ
714 1570 839 1637 ὄρη,
882 1566 1194 1638 βαρυτέραν
1225 1576 1494 1621 ποιοῦντα
1524 1569 1627 1636 τὴν
1658 1570 1813 1636 βοήν.

123 1652 194 1723 ἦν
234 1652 295 1708 δὲ
333 1663 433 1709 τοῦ
470 1657 726 1726 θορύβου
765 1657 831 1708 τὰ
871 1657 1024 1724 πάθη
1064 1658 1431 1726 φοβερώτερα.
1495 1656 1678 1725 <275>
1716 1657 1813 1709 τὸν

124 1742 226 1812 μέν
265 1762 326 1811 γε
365 1753 464 1797 τοῦ
506 1745 659 1814 ἱεροῦ
705 1747 885 1813 λόφον
926 1744 984 1798 ἐκ
1025 1744 1191 1812 ῥιζῶν
1230 1746 1299 1798 ἄν
1337 1765 1420 1807 τις
1459 1745 1611 1809 ἔδοξε
1651 1745 1814 1815 βράτ-

123 1836 343 1899 τεσθαι,
384 1832 666 1886 πάντοθεν
705 1841 805 1887 τοῦ
843 1835 1017 1901 πυρὸς
1055 1832 1454 1902 καταγέμοντα,
1495 1832 1814 1896 δαψιλέστε-

57 1941 101 1973 20
126 1940 227 1990 ρον
267 1918 329 1974 δὲ
366 1921 428 1974 τὸ
468 1914 603 1990 αἷμα
639 1930 741 1976 τοῦ
779 1923 955 1992 πυρὸς
993 1918 1136 1975 εἶναι
1176 1921 1268 1975 καὶ
1306 1932 1418 1975 τῶν
1456 1924 1815 1991 φονευόντων

123 2012 350 2072 πλείους
387 2012 518 2072 τοὺς
556 2012 992 2080 φονευομένους·
1034 2011 1215 2079 <276>
1255 2010 1506 2079 οὐδαμοῦ
1544 2011 1650 2080 γὰρ
1680 2010 1714 2078 ἡ
1747 2017 1817 2079 γῆ

126 2098 440 2166 διεφαίνετο
479 2107 592 2151 τῶν
624 2107 867 2168 νεκρῶν,
906 2098 1044 2152 ἀλλὰ
1078 2108 1279 2169 σωροῖς
1311 2098 1733 2167 ἐπεμβαίνοντες
1764 2098 1822 2151 οἱ

126 2194 451 2254 στρατιῶται
514 2187 784 2255 σωμάτων
823 2185 934 2240 ’ἐπὶ
995 2189 1126 2249 τοὺς
1180 2187 1584 2255 διαφεύγοντας
1638 2188 1817 2239 ἔθεον.

124 2273 308 2343 <277>
352 2275 414 2326 τὸ
466 2271 568 2343 μὲν
619 2270 723 2328 οὖν
770 2276 1065 2345 λῃστρικὸν
1112 2279 1327 2344 πλῆθος
1367 2275 1642 2344 ὠσάμενοι
1688 2276 1818 2336 τοὺς

57 2384 100 2417 25
116 2364 416 2430 Ῥωμαίους
454 2364 612 2430 μόλις
650 2365 729 2426 εἰς
766 2364 828 2416 τὸ
869 2362 970 2427 ἔξω
1008 2365 1425 2416 διεκπίπτουσιν
1460 2364 1610 2433 ἱερὸν
1639 2362 1819 2415 κάκεῖ-

122 2455 230 2503 θεν
269 2452 348 2514 εἰς
386 2451 486 2519 τὴν
526 2453 718 2520 πόλιν,
765 2459 865 2505 τοῦ
913 2453 1212 2521 δημοτικοῦ
1253 2449 1314 2505 δὲ
1353 2453 1414 2505 τὸ
1455 2448 1690 2521 λειφθὲν
1731 2448 1819 2503 ἐπὶ

124 2539 227 2607 τὴν
266 2539 366 2603 ἔξω
408 2539 577 2592 στοὰν
615 2539 903 2609 κατέφυγε.
981 2540 1315 2610 <278>τῶν
1357 2538 1407 2593 δ’
1450 2538 1642 2609 ἱερέων
1674 2535 1822 2601 τινὲς

124 2629 185 2681 τὸ
226 2625 328 2696 μὲν
365 2638 588 2697 πρῶτον
629 2628 735 2683 ἀπὸ
776 2636 875 2682 τοῦ
914 2637 1055 2683 ναοῦ
1090 2631 1220 2692 τούς
1256 2629 1301 2682 τ’
1341 2629 1571 2698 ὀβελοὺς
1603 2625 1694 2680 καὶ
1725 2628 1821 2689 τὰς

105 2714 288 2785 ’ἕδρας
342 2715 527 2769 αὐτῶν
582 2719 854 2786 μολίβδου
908 2717 1281 2786 πεποιημένας
1335 2716 1690 2777 ἀνασπῶντες
1742 2716 1821 2778 εἰς

53 2824 100 2857 30
123 2806 253 2866 τοὺς
270 2802 567 2874 Ῥωμαίους
589 2806 828 2874 ἠφίεσαν
845 2847 860 2874 ,
898 2806 1082 2875 <279>
1109 2802 1277 2868 αὖθις
1309 2807 1341 2858 δ
1349 2803 1362 2824 ’
1391 2805 1463 2867 ὡς
1490 2799 1607 2857 οὔτ’
1644 2805 1820 2872 ἤνυόν

604 2891 974 2915 ,,,
