2032 3128
107 944 159 981 11

188 87 305 139 312
649 70 652 74 ’
752 90 854 131 ΕΙΣ
885 89 1325 132 ΜΑΚΚΑΒΑΙΟΤΣ

190 220 463 291 ’Λντίοχος
502 219 752 275 ἐκέλευσε
790 222 892 289 τὴν
931 226 1179 289 γλῶτταν
1218 219 1389 277 αὐτοῦ
1429 222 1783 292 ἐκτμηθῆναι.
1847 223 1877 276 ὃ

197 307 258 363 δὲ
298 312 400 378 ἔφη
441 308 569 362 (κᾶν
608 308 815 378 ἀφέλῃς
854 311 914 363 τὸ
954 318 1049 378 τῆς
1085 318 1275 378 φωνῆς
1313 313 1573 378 ὄργανον,
1618 310 1709 364 καὶ
1749 326 1877 364 σιω-

194 400 426 451 πώντων
457 399 733 450 εἰσακούει
771 397 800 451 6
835 400 983 460 θεός.
1055 398 1237 466 <133>
1280 400 1406 452 ἰδοὺ
1444 400 1877 469 προκεχάλασται

195 486 227 553 ἡ
268 490 504 553 γλῶττα·
552 483 795 554 τέμνετε·
838 485 904 538 οὐ
944 486 1047 552 γὰρ
1086 486 1232 555 παρὰ
1271 493 1433 539 τοῦτο
1472 488 1571 540 τὸν
1611 489 1878 556 λογισμὸν

195 574 349 642 ἡμῶν
402 575 891 641 γλωσσοτομήσεις.
969 572 1145 641 ἡδέως
1197 574 1301 641 γὰρ
1356 571 1494 642 ὑπὲρ
1548 584 1647 628 τοῦ
1701 578 1878 644 νόμου

194 670 294 715 τοῦ
325 667 464 715 θεοῦ
496 662 560 714 τὰ
596 668 695 714 τοῦ
728 662 978 729 σώματος
1014 660 1149 730 μέλη
1183 660 1666 731 ἀκρωτηριάζομαι.
1722 661 1783 716 σε
1816 661 1877 716 δὲ

195 749 256 803 ἐν
302 751 451 819 τάχει
506 750 883 818 μετελεύσεται
931 749 960 803 6
1007 753 1166 819 θεός,
1221 748 1336 804 ἐπεὶ
1389 751 1488 817 τὴν
1539 759 1651 804 τῶν
1704 755 1875 804 θείων

194 839 385 907 ὕμνων
425 839 693 911 μελῳδὸν
715 842 970 905 γλῶσσαν
1011 837 1317 907 ἐκτέμνειςῖ

307 928 487 996 <134>
528 928 601 990 ὡς
640 924 701 979 δὲ
739 926 829 979 καὶ
861 923 1022 988 οὗτος
1052 936 1170 989 ταῖς
1208 927 1471 996 βασάνοις
1508 927 1879 991 καταικισθεὶς

196 1014 556 1083 ἐναπέθανεν,
599 1015 628 1068 6
668 1012 908 1083 πέμπτος
945 1017 1298 1084 παρεπήδησε
1337 1015 1513 1083 λέγων
1555 1016 1642 1071 ‘01⁹2
1680 1016 1878 1085 μέλλω,

194 1104 449 1171 τύραννε,
489 1104 626 1171 πρὸς
664 1105 763 1156 τὸν
794 1100 932 1170 ὑπὲρ
963 1110 1058 1172 τῆς
1090 1103 1284 1172 ἀρετῆς
1314 1106 1677 1173 βασανισμόν,
1716 1105 1881 1168 αὐτὸς

196 1189 256 1245 δὲ
290 1188 386 1244 ἀπ’
409 1191 649 1260 ἐμαυτοῦ
682 1195 996 1261 παρῆλθον,
1032 1193 1177 1254 ὅπως
1207 1189 1343 1261 κάμὲ
1374 1196 1725 1256 κατακτείνας
1754 1192 1881 1262 περὶ

194 1283 468 1333 πλειόνων
499 1279 850 1349 ἀδικημάτων
884 1280 1143 1349 ὀφλήσεις
1180 1288 1244 1350 τῇ
1277 1281 1519 1353 οὐρανίῳ
1554 1283 1679 1353 δίκῃ
1719 1303 1881 1352 τιμω-

196 1373 335 1437 ρίαν.
406 1368 589 1437 <135>
627 1365 669 1421 ὦ
710 1369 1071 1437 μισάνθρωπε
1112 1367 1203 1422 καὶ
1243 1371 1514 1438 μισάρετε,
1553 1373 1611 1423 τί
1645 1371 1882 1439 δράσαν-

193 1478 287 1521 τας
326 1458 466 1526 ἡμᾶς
504 1464 702 1510 τοῦτον
733 1462 966 1522 πορθεῖς
1003 1459 1101 1510 τὸν
1133 1459 1365 1527 τρόπον;
1409 1457 1492 1511 ὅτι
1527 1461 1625 1512 τὸν
1657 1459 1881 1512 πάντων

194 1549 417 1613 κτίστην
457 1544 792 1613 εὐσεβοῦμεν
831 1543 922 1597 καὶ
962 1545 1096 1597 κατὰ
1135 1547 1233 1598 τὸν
1274 1545 1533 1612 ἐνάρετον
1573 1546 1747 1600 αὐτοῦ
1788 1550 1882 1612 ζῶ-

194 1654 294 1702 μεν
328 1637 528 1702 νόμον;
569 1632 708 1686 ἀλλὰ
740 1641 907 1686 ταῦτα
940 1643 1131 1701 τιμῶν,
1163 1634 1230 1687 οὐ
1263 1634 1523 1702 βασάνων
1549 1632 1698 1687 ἐστὶν
1723 1635 1881 1698 figam?

195 1723 376 1790 <136>
416 1729 641 1775 τοιαῦτα
681 1719 912 1788 λέγοντα
953 1722 1010 1774 οἱ
1053 1723 1362 1791 δορυφόροι
1407 1724 1674 1790 δήσαντες
1713 1723 1883 1776 αὐτὸν

193 1805 378 1864 εἷλκον
426 1809 515 1863 ἐπὶ
567 1812 666 1863 τὸν
721 1809 1091 1878 καταπέλτην,
1145 1808 1234 1878 ἐφ’
1277 1810 1343 1863 ὃν
1391 1812 1658 1878 δήσαντες
1711 1812 1884 1864 αὐτὸν

195 1898 282 1952 ἐπὶ
320 1900 385 1952 τὰ
426 1901 648 1967 γόνατα,
688 1896 780 1951 καὶ
818 1905 988 1951 ταῦτα
1022 1898 1328 1966 ποδάγραις
1360 1900 1611 1966 σιδηραῖς
1643 1898 1883 1968 ἐφαρμό-

194 2003 388 2050 σαντες
432 1987 533 2055 τὴν
577 1987 761 2055 ὀσφὺν
809 1987 980 2040 αὐτοῦ
1026 1985 1151 2055 περὶ
1198 1996 1457 2056 τροχαῖον
1499 1995 1684 2056 σφῆνα
1730 1987 1884 2040 κατέ-

194 2086 437 2145 καμψαν,
474 2073 601 2145 περὶ
641 2074 706 2128 ὃν
745 2075 872 2138 ὅλος
910 2073 1036 2143 περὶ
1075 2077 1174 2128 τὸν
1212 2078 1412 2144 τροχὸν
1453 2079 1723 2144 σκορπίου
1761 2078 1885 2145 τρό-

194 2184 300 2218 πον
334 2164 719 2232 ἀνακλώμενος
755 2162 1098 2232 ἐξεμελίζετο.
1159 2163 1341 2231 <137>
1382 2162 1474 2216 καὶ
1512 2164 1647 2216 κατὰ
1685 2173 1886 2218 τοῦτον

195 2255 293 2306 τὸν
331 2254 537 2323 τρόπον
576 2253 636 2305 τὸ
676 2260 893 2320 πνεῦμα
942 2253 1454 2321 στενοχωρούμενος
1497 2250 1589 2305 καὶ
1628 2254 1689 2306 τὸ
1730 2263 1885 2322 σῶμα

195 2342 499 2411 ἀγχόμενος
539 2340 758 2403 ’καλάς’
799 2343 986 2408 ἔλεγεν
1028 2340 1222 2409 ςἄκων,
1272 2337 1314 2393 ὦ
1355 2342 1617 2410 τύραννε,
1663 2341 1886 2411 χάριτας

197 2430 329 2499 ἡμῖν
382 2432 599 2500 χαρίζῃ,
657 2429 749 2481 διά
805 2428 1205 2497 γενναιοτέρων
1259 2432 1449 2483 πόνων
1503 2428 1886 2493 ἐπιδείξασθαι

196 2517 449 2589 παρέχων
487 2520 588 2587 τὴν
628 2520 706 2581 εἰς
743 2520 840 2571 τὸν
878 2521 1054 2586 νόμον
1094 2517 1251 2586 ἡμῶν
1289 2519 1616 2587 καρτερίαν.’

311 2607 495 2676 <138>
534 2609 958 2676 τελευτήσαντος
994 2603 1054 2659 δὲ
1093 2605 1184 2659 καὶ
1222 2608 1423 2660 τούτου
1464 2607 1493 2661 6
1533 2605 1686 2670 ἕκτος
1724 2608 1886 2675 ἤγετο

200 2699 574 2766 μειρακίσκος,
622 2695 682 2758 ὃς
725 2693 1158 2764 πυνθανομένου
1197 2704 1298 2749 τοῦ
1341 2695 1620 2765 τυράννου
1660 2697 1712 2748 εἰ
1754 2690 1888 2764 βούὲ

199 2791 350 2839 λοιτο
398 2786 594 2853 φαγὼν
642 2783 986 2837 ἀπολύεσθαι
1037 2785 1141 2852 ἔφη
1192 2783 1324 2851 ςἐγὼ
1371 2785 1473 2852 τὴν
1520 2781 1620 2852 μὲν
1666 2784 1886 2852 ἡλικίαν

199 2884 310 2927 τῶν
365 2873 622 2943 ἀδελφῶν
677 2874 785 2942 μού
841 2874 951 2941 εἰμι
1014 2873 1301 2942 νεώτερος,
1356 2874 1458 2941 τὴν
1513 2870 1575 2926 δὲ
1629 2873 1886 2925 διάνοιαν

1904 1038 1947 1069 10

1906 1477 1950 1510 15

1909 1921 1952 1952 20

1910 2363 1953 2395 25

1911 2805 1955 2836 30
