2032 3128
716 122 923 164 ΛΟΓΟΣ
954 123 1155 164 ΕΚΤοΣ
1674 117 1777 168 129

97 256 292 322 Σίμων
339 251 400 306 δὲ
445 256 623 308 πολλὰ
670 255 1008 324 διαμαχήσας
1059 256 1195 323 πρὸς
1240 255 1342 323 τὴν
1389 253 1653 322 ἀνάγκην,
1707 253 1781 314 ὡς

97 343 190 394 διὰ
229 351 339 394 τῶν
371 340 492 409 ἑξῆς
531 343 872 411 δηλώσομεν,
912 340 1110 395 ἑαυτὸν
1142 343 1540 411 παραδίδωσιν.
1600 340 1781 408 <434>

96 429 386 498 ἐφυλάχθη
428 427 477 481 δ’
511 429 539 482 ὃ
580 427 682 498 μὲν
720 439 795 502 τῷ
833 431 1093 502 θριάμβῳ
1134 430 1392 498 σφάγιον,
1440 430 1469 482 6
1510 427 1559 481 δ’
1600 427 1783 480 Ἰωάν-

94 537 195 585 νης
226 518 448 585 δεσμοῖς
487 518 747 578 αἰωνίοις.
802 516 1057 585 Ῥωμαῖοι
1091 514 1150 569 δὲ
1182 516 1277 578 τάς
1315 514 1366 568 τ’
1396 515 1644 585 ἐσχατιὰς
1682 522 1781 568 τοῦ

50 631 70 660 5
95 607 286 668 ἄστεος
324 603 632 673 ἐνέπρησαν
671 603 762 657 καὶ
800 605 866 657 τὰ
904 607 1053 673 τείχη
1093 603 1453 667 κατέσκαψαν.

205 692 387 761 <435>
436 690 576 745 ἑάλω
625 689 727 761 μὲν
774 692 948 755 οὕτως
986 690 1340 760 Ἱεροσόλυμα
1386 693 1492 744 ἔτει
1541 689 1780 762 δευτέρῳ
1802 689 1873 742 10

93 788 187 849 τῆς
227 779 616 834 ’ὃεσπασιανοῦ
669 780 967 848 ἡγεμονίας
1016 782 1318 850 Γορπιαίου
1374 780 1544 848 μηνὸς
1590 778 1782 849 ὀγδόῃ,

93 867 304 921 ἁλοῦσα
338 865 398 921 δὲ
436 866 528 920 καὶ
566 870 838 937 πρότερον
869 868 1125 931 πεντάκις
1162 876 1324 921 τοῦτο
1358 868 1619 936 δεύτερον
1651 867 1782 937 ἠρη-

93 957 271 1025 μώθη.
349 956 532 1023 <436>
580 954 874 1026 Ἀσωχαῖος
926 953 1028 1025 μὲν
1074 957 1178 1027 γὰρ
1226 956 1255 1010 6
1302 966 1414 1009 τῶν
1459 957 1781 1024 Αἰγυπτίων

26 1070 68 1101 10
91 1046 352 1112 βασιλεὺς
395 1043 487 1097 καὶ
534 1042 651 1113 μετ’
690 1045 861 1097 αὐτὸν
896 1042 1199 1115 Ἀντίοχος,
1246 1047 1430 1097 ἔπειτα
1469 1046 1779 1112 Πομπήιος,

90 1130 180 1184 καὶ
229 1131 316 1185 ἐπὶ
363 1134 582 1196 τούτοις
628 1136 734 1186 σὺν
773 1131 999 1204 εΗρώδῃ
1040 1135 1281 1196 Σόσσιος
1327 1132 1544 1194 ἑλόντες
1591 1131 1781 1200 ἐτήρη-

92 1236 197 1273 σαν
243 1223 344 1290 τὴν
389 1224 578 1274 πόλιν“
626 1221 810 1291 <437>
855 1224 962 1291 πρὸ
1011 1219 1073 1274 δὲ
1119 1223 1333 1275 τούτων
1373 1222 1402 1275 6
1448 1229 1559 1274 τῶν
1597 1223 1782 1289 Βαβυ-

92 1312 311 1362 λωνίων
350 1313 608 1378 βασιλεὺς
653 1312 926 1381 κρατήσας
971 1311 1264 1379 ἠρήμωσεν
1309 1309 1483 1379 αὐτὴν
1529 1308 1647 1378 μετ’
1689 1312 1779 1377 ἔτη

89 1404 187 1465 τῆς
253 1401 483 1461 κτίσεως
551 1402 699 1469 χίλια
760 1401 1083 1467 τετρακόσια
1146 1397 1409 1467 ἑξήκοντα
1478 1395 1619 1451 ὀκτὼ
1690 1397 1781 1451 καὶ

26 1510 67 1541 15
92 1494 267 1554 μῆνας
305 1486 376 1550 ἕξ.
454 1487 637 1555 <438>
679 1488 708 1541 ὁ
757 1484 817 1540 δὲ
856 1496 1071 1557 πρῶτος
1108 1490 1296 1550 κτίσας
1340 1482 1411 1555 ἦν
1450 1489 1781 1541 Χαναναίων

92 1574 393 1644 δυνάστης,
458 1575 486 1628 ὁ
548 1583 613 1646 τῇ
675 1578 886 1649 πατρίῳ
948 1577 1161 1646 γλώττῃ
1230 1574 1456 1644 κληθεὶς
1524 1578 1782 1644 βασιλεὺς

91 1664 326 1726 δίκαιος·
374 1660 445 1732 ἧν
484 1665 588 1732 γὰρ
631 1665 699 1733 δὴ
738 1672 1003 1727 τοιοῦτος.
1081 1665 1173 1717 διὰ
1219 1672 1382 1717 τοῦτο
1431 1664 1686 1733 ἱεράσατό
1724 1684 1781 1717 τε

90 1758 165 1822 τῷ
227 1757 343 1824 θεῷ
404 1762 645 1822 πρῶτος,
706 1751 797 1806 καὶ
855 1755 916 1806 τὸ
974 1754 1126 1821 ἱερὸν
1179 1762 1394 1822 πρῶτος
1455 1754 1783 1823 δειμάμενος

82 1838 438 1910 Ἱεροσόλυμα
475 1843 577 1911 τὴν
616 1844 781 1896 πόλιν
819 1845 1263 1912 προσηγόρευσε,
1310 1844 1544 1912 Σόλυμα
1581 1846 1781 1896 καλου-

7 1947 65 1984 '20
89 1927 262 1998 μένην
308 1932 593 1998 πρότερον.
674 1930 856 1999 <439>
902 1932 999 1983 τὸν
1039 1927 1141 1999 μὲν
1182 1931 1250 1999 δὴ
1298 1939 1408 1983 τῶν
1449 1933 1782 1983 Χαναναίων

88 2019 226 2070 λαὸν
288 2018 537 2086 ἐκβαλὼν
601 2019 630 2072 6
692 2028 805 2072 τῶν
860 2014 1148 2072 Ἰουδαίων
1210 2021 1470 2088 βασιλεὺς
1530 2021 1783 2088 Δαυίδης

86 2110 376 2171 κατοικίζει
423 2109 521 2161 τὸν
562 2109 726 2177 ἴδιον,
773 2106 864 2161 καὶ
911 2109 1044 2177 μετὰ
1090 2116 1291 2161 τοῦτον
1338 2110 1481 2161 ἔτεσι
1527 2127 1781 2174 τετρακο-

87 2197 228 2257 σιόις
283 2194 661 2266 ἑβδομήκοντα
714 2195 805 2249 καὶ
860 2195 1018 2265 ἑπτά,
1076 2195 1244 2265 μησὶν
1298 2196 1380 2266 ἕξ,
1434 2197 1542 2250 ὑπὸ
1597 2200 1782 2266 Βαβυ-

86 2285 306 2337 λωνίων
355 2285 800 2338 κατασκάπτεται.
878 2285 1057 2353 <44Ο>
1107 2285 1212 2339 ἀπὸ
1269 2283 1330 2338 δὲ
1378 2287 1634 2340 Δαυίδου
1681 2294 1782 2339 τοῦ

19 2395 61 2427 25
86 2372 381 2441 βασιλέως,
445 2373 506 2436 ὃς
564 2384 779 2444 πρῶτος
841 2373 1010 2442 αὐτῆς
1074 2372 1433 2442 ἐβασίλευσεν
1491 2372 1782 2444 Ἰουδαῖος,

87 2460 246 2530 μέχρι
285 2469 381 2530 τῆς
418 2462 526 2516 ὑπὸ
567 2465 733 2516 Τίτου
773 2461 1075 2532 γενομένης
1111 2470 1464 2531 κατασκαφῆς
1502 2465 1592 2531 ἔτη
1634 2467 1782 2532 χίλια

86 2548 178 2602 καὶ
233 2548 428 2604 ἑκατὸν
485 2549 863 2620 ἑβδομήκοντα
918 2550 1096 2604 ἐννέα.
1182 2551 1364 2620 <441>
1418 2551 1524 2604 ἀπὸ
1573 2549 1634 2604 δὲ
1688 2559 1783 2620 τῆς

86 2640 305 2707 πρώτης
342 2642 570 2703 κτίσεως
609 2642 701 2708 ἔτη
743 2639 899 2709 μέχρι
935 2647 1030 2708 τῆς
1061 2638 1289 2709 ἐσχάτης
1321 2639 1574 2702 ἁλώσεως
1607 2642 1783 2710 δισχί-

87 2730 178 2781 λια
227 2725 423 2782 ἑκατὸν
470 2726 851 2798 ἑβδομήκοντα
900 2726 992 2781 καὶ
1039 2726 1184 2781 ἑπτά.
1263 2729 1444 2797 <442>
1490 2729 1630 2781 ἀλλὰ
1677 2731 1783 2799 γὰρ

18 2837 62 2870 30
88 2813 221 2868 οὔθ’
274 2816 308 2884 ἡ
369 2817 662 2886 ἀρχαιότης
694 2863 697 2865 .
724 2813 854 2870 οὔθ’
910 2817 939 2870 ὁ
995 2819 1178 2886 βαθὺς
1239 2822 1476 2880 πλοῦτος
1538 2819 1665 2871 οὔτε
1721 2821 1783 2872 τὸ

87 2904 516 2974 διαπεφοιτηκὸς
584 2906 715 2975 ὅλης
783 2912 879 2974 τῆς
947 2905 1275 2975 οἰκουμένης
1337 2909 1503 2969 ἔθνος
1564 2907 1692 2960 οὔθ’
1749 2907 1783 2976 ἡ

175 2999 388 3032 Iosnmms.
420 3000 485 3033 VI.
1489 2997 1514 3035 9
