2032 3128
203 72 276 123 24
639 74 764 117 ΤΟΤ
792 74 1132 117 ΙΟΤΔΑῙΚΟΤ
1161 75 1468 118 ΠΟΛΕΜΟΥ

142 205 176 258 5
317 206 498 275 <184>
552 207 614 260 τὸ
662 203 712 259 δ’
767 207 918 277 ἱερὸν
964 208 1155 276 ἵδρυτο
1195 207 1322 277 μέν,
1377 209 1556 280 ὥσπερ
1596 211 1751 279 ἔφην,
1793 208 1879 263 ἐπὶ

153 292 155 294 ’
204 297 381 364 λόφου
421 301 708 364 καρτεροῦ,
746 293 864 348 κατ’
907 295 1076 366 ἀρχὰς
1107 292 1168 349 δὲ
1199 298 1355 365 μόλις
1395 296 1604 367 ἐξήρκει
1639 300 1699 351 τὸ
1740 297 1880 351 ἀνω-

199 383 340 435 τάτω
389 384 680 452 χθαμαλὸν
728 383 899 436 αὐτοῦ
945 391 1019 454 τῷ
1067 403 1123 437 τε
1169 391 1283 456 ναῷ
1323 383 1414 438 καὶ
1450 393 1525 458 τςό
1566 389 1753 457 βωμῷ·
1814 387 1879 438 τὰ

199 472 304 540 γὰρ
351 469 504 538 πέριξ
553 470 903 541 ἀπόκρημνος
952 468 1023 540 ἦν
1069 470 1160 525 καὶ
1209 473 1488 542 κατάντης.
1563 474 1742 542 (185)
1780 481 1880 528 τοῦ

201 556 261 611 δὲ
299 558 568 627 βασιλέως
613 563 975 629 Σολομῶνος,
1023 560 1083 623 ὃς
1132 562 1200 629 δὴ
1247 560 1337 614 καὶ
1375 563 1473 615 τὸν
1510 563 1648 614 ναὸν
1688 564 1879 629 ἔκτισε,
1926 583 1948 616 5

197 650 260 702 τὸ
317 645 431 700 κατ’
487 647 756 711 ἀνατολὰς
810 647 973 718 μέρος
1027 647 1446 717 ἐκτειχίσαντος,
1502 648 1729 719 ἐπετέθη
1786 652 1880 719 μία

200 736 332 789 στοὰ
371 743 445 808 τῷ
486 737 719 806 χώματι,
767 734 858 789 καὶ
904 737 1038 790 κατά
1083 756 1145 805 γε
1191 738 1257 790 τὰ
1296 739 1460 791 λοιπὰ
1498 737 1634 807 μέρη
1675 739 1883 807 γυμνὸς

199 824 229 878 ὁ
262 826 395 887 ναὸς
424 821 509 892 ἧν.
572 834 692 887 τοῖς
717 822 766 877 δ’
808 823 927 893 ἑξῆς
958 827 1154 878 αἰῶσιν
1194 824 1284 879 ἀεί
1317 845 1368 879 τι
1407 833 1507 880 τοῦ
1546 830 1683 880 λαοῦ
1714 839 1883 895 προσ-

198 914 544 982 χωννύντος,
605 913 968 982 ἀνισούμενος
1022 914 1051 968 ὁ
1106 916 1277 984 λόφος
1328 914 1615 984 ηὐρύνετο.
1703 914 1884 982 <186>
1957 934 1961 937 ·

200 1002 561 1065 διακόψαντες
609 997 670 1053 δὲ
715 999 807 1053 καὶ
853 1003 913 1054 τὸ
963 1002 1334 1071 προσάρκτιον
1385 1011 1559 1071 τεῖχος
1614 1010 1882 1056 τοσοῦτον
1908 1022 1950 1055 10

197 1089 655 1158 προσελάμβανον
709 1089 843 1143 ὅσον
893 1090 1128 1159 ὕστερον
1185 1090 1397 1160 ἐπεῖχεν
1448 1090 1477 1144 ὁ
1529 1080 1628 1144 τοῦ
1681 1091 1884 1152 παντὸς

201 1178 354 1244 ἱεροῦ
392 1180 696 1247 περίβολος.
753 1178 936 1247 <187>
974 1181 1305 1248 τειχίσαντες
1342 1177 1392 1231 δ’
1441 1177 1501 1232 ἐκ
1540 1178 1689 1247 ῥίζης
1726 1185 1882 1247 τριχῇ

196 1266 382 1338 κύκλῳ
429 1269 526 1320 τὸν
574 1269 778 1335 λόφον,
831 1265 923 1319 καὶ
976 1270 1160 1335 μεῖζον
1215 1267 1433 1330 ἐλπίδος
1487 1266 1885 1335 ἐκπονήσαντες

199 1357 384 1425 ἔργον,
428 1357 506 1417 εἰς
545 1354 574 1408 ὃ
614 1353 814 1424 μακροὶ
853 1352 954 1424 μὲν
995 1355 1425 1424 ἐξανηλώθησαν
1465 1358 1661 1417 αἰῶνες
1699 1354 1886 1416 αὐτοῖς

196 1445 287 1497 καὶ
330 1445 389 1498 οἱ
432 1442 572 1514 ἱεροὶ
620 1441 680 1496 δὲ
725 1442 1004 1514 θησαυροὶ
1049 1445 1273 1514 πάντες,
1325 1445 1422 1508 οὓς
1468 1444 1885 1512 ἀνεπίμπλασαν
1909 1464 1952 1497 15

198 1534 257 1586 οὗ
289 1533 435 1603 παρὰ
482 1539 577 1601 τῆς
624 1532 950 1602 οἰκουμένης
996 1532 1196 1603 δασμοὶ
1242 1536 1581 1603 πεμπόμενοι
1627 1539 1701 1604 τῷ
1749 1536 1886 1602 θεῷ,

196 1622 326 1684 τούς
364 1618 411 1673 τ’
458 1622 574 1673 ἄνω
621 1624 953 1691 περιβόλους
998 1621 1089 1676 καὶ
1134 1624 1195 1675 τὸ
1242 1623 1386 1676 κάτω
1435 1623 1586 1693 ἱερὸν
1625 1620 1885 1689 ἀμφεδεί-

198 1729 384 1778 μαντο.
464 1709 647 1777 <188>
694 1710 894 1763 τούτου
948 1711 1008 1763 τὸ
1063 1713 1455 1764 ταπεινότατον
1510 1709 1615 1763 ἀπὸ
1670 1727 1886 1778 τριακο-

197 1802 335 1852 σίων
375 1797 779 1867 ἀνετειχίσαντο
818 1800 1055 1868 πήχεων,
1093 1799 1228 1873 κατὰ
1271 1799 1338 1852 δέ
1370 1819 1523 1862 τινας
1561 1800 1764 1860 τόπους
1794 1794 1888 1849 καὶ

196 1889 465 1949 πλειόνος.
545 1886 612 1939 οὐ
652 1884 841 1955 μέντοι
878 1894 989 1940 πᾶν
1027 1889 1088 1941 τὸ
1127 1888 1305 1957 βάθος
1347 1886 1599 1956 ἐφαίνετο
1639 1895 1750 1939 τῶν
1788 1890 1885 1938 θε-
1911 1906 1953 1939 20

197 1977 425 2045 μελίων·
467 1972 554 2027 ἐπὶ
580 1977 727 2028 ,πολὺ
760 1976 865 2045 γὰρ
905 1977 1119 2045 ἔχωσαν
1158 1976 1254 2038 τὰς
1292 1976 1601 2045 φάραγγας,
1649 1973 1885 2026 ἀνισοῦν

197 2066 531 2134 βουλόμενοι
571 2066 698 2126 τοὺς
738 2067 1050 2128 στενωποὺς
1086 2072 1187 2118 τοῦ
1219 2066 1436 2127 ἄστεως.
1475 2064 1655 2133 <189>
1695 2060 1888 2131 πέτραι

198 2150 260 2206 δὲ
307 2154 897 2223 τετταρακονταπήχεις
934 2155 995 2206 τὸ
1043 2152 1279 2222 μέγεθος
1324 2149 1466 2222 ἦσαν
1505 2160 1604 2206 τοῦ
1646 2151 1889 2219 δομήμαψ

196 2261 303 2304 τος.
365 2241 398 2309 ἥ
438 2259 496 2294 τε
528 2242 632 2310 γὰρ
674 2242 931 2304 δαψίλεια
963 2251 1073 2295 τῶν
1104 2243 1398 2313 χρημάτων
1428 2239 1517 2293 καὶ
1551 2240 1584 2307 ἡ
1616 2246 1716 2293 τοῦ
1750 2242 1888 2291 λαοῦ

197 2332 483 2398 φιλοτιμία
531 2332 702 2397 λόγου
749 2333 999 2398 μείζονας
1046 2331 1281 2385 ἐποιεῖτο
1328 2331 1423 2393 τὰς
1470 2327 1752 2397 ἐπιβολάς,
1798 2324 1887 2379 καὶ
1913 2350 1957 2383 25

197 2420 262 2472 τὸ
302 2415 429 2486 μηδ’
479 2415 745 2471 ἐλπισθὲν
785 2417 928 2482 ἕξειν
966 2418 1135 2490 πέρας
1174 2419 1407 2489 ἐπιμονῇ
1439 2416 1531 2471 καὶ
1561 2419 1784 2486 χρόνοις
1814 2410 1887 2482 ἧν

196 2506 485 2576 ἀνύσιμον.

138 2610 165 2648 2
313 2595 494 2664 <190>
532 2591 603 2664 ἦν
640 2593 691 2649 δ’
728 2595 851 2660 ἄξια
882 2606 994 2649 τῶν
1024 2598 1363 2666 τηλικούτων
1394 2597 1670 2664 θεμελίων
1702 2589 1794 2643 καὶ
1824 2590 1890 2642 τὰ

195 2681 334 2754 ὑπὲρ
383 2684 565 2737 αὐτῶν
621 2686 768 2754 ἔργα.
847 2685 1040 2738 διπλαῖ
1086 2682 1187 2753 μὲν
1239 2685 1343 2753 γὰρ
1391 2684 1454 2736 αἱ
1497 2680 1652 2736 στοαὶ
1701 2687 1890 2747 πᾶσαι,

196 2776 378 2836 κίονες
418 2769 466 2825 δ’
515 2772 705 2836 αὐταῖς
747 2773 1084 2826 εἰκοσιπέντε
1121 2774 1340 2842 πήχεων
1379 2774 1440 2825 τὸ
1479 2771 1620 2835 ὕψος
1660 2768 1888 2837 ἐφεστή-
1912 2791 1959 2824 30

196 2875 389 2930 κεσαν,
440 2865 736 2930 μονόλιθοι
776 2863 1104 2932 λευκοτάτης
1143 2861 1462 2931 μαρμάρου,
1512 2862 1789 2931 κεδρίνοις
1829 2859 1891 2915 δὲ
