2032 3128
209 87 313 140 166
640 93 766 134 TOT
797 94 1140 137 IOTAAIKOT
1169 96 1477 138 ΠΟΛΕΜΟΥ

151 296 154 299 Δ
201 229 302 275 τοῦ
347 225 563 292 τείχους
607 228 848 288 πολλοὺς
895 226 983 279 καὶ
1024 228 1296 296 μεγάλους
1339 228 1614 298 ἐτετμήκει
1653 230 1888 294 λάκκους

202 309 262 362 έν
317 321 434 374 ταῖς
492 311 714 382 πέτραις
775 318 1126 386 φυλακτῆρας
1187 316 1435 386 ὑδάτων,
1497 320 1888 388 μηχανώμενος

201 403 344 451 εἰναι
396 403 666 470 χορηγίαν
720 402 821 470 ὅση
875 412 987 455 τῶν
1041 403 1100 456 ἐκ
1153 414 1345 473 πηγῶν
1402 404 1515 463 ἐστι
1567 399 1886 469 χρωμένοις.

199 487 381 556 <292>
423 489 628 553 ὀρυκτὴ
666 488 724 536 δ’
769 489 902 547 ὁδὸς
937 491 1150 539 ἐστ-τοῦ
1196 489 1481 554 βασιλείου
1526 489 1662 556 πρὸς
1711 489 1886 557 ἄκραν

198 576 299 640 τὴν
337 572 592 641 κορυφὴν
631 571 955 641 ἀνεφέρετο,
993 582 1108 636 τοῖς
1146 573 1356 637 ἔξωθεν
1389 574 1620 645 ἀφανής.
1679 577 1746 630 οὐ
1778 578 1887 645 μὴν
1932 598 1953 629 5

199 657 331 713 οὐδὲ
377 669 496 723 ταῖς
540 670 804 729 φανεραῖς
850 661 1003 723 ὁδοῖς
1047 658 1118 730 ἦν
1165 656 1287 716 οἶόν
1334 683 1392 716 τε
1437 665 1752 734 χρήσασθαι
1791 665 1885 736 ῥᾳ-

201 751 332 811 δίως
369 751 499 811 τοὺς
536 751 858 817 πολεμίους·
928 750 1110 817 <293>
1148 750 1181 817 ἡ
1223 748 1323 817 μὲν
1365 753 1468 818 γὰρ
1510 750 1618 822 ἑῴα
1658 753 1749 805 διὰ
1787 755 1887 822 τὴν

197 838 396 906 φύσιν,
442 838 515 900 ὡς
552 840 915 906 προείπομεν,
963 835 1112 890 ἐστὶν
1151 838 1378 905 ἄβατος,
1425 838 1527 905 τὴν
1567 838 1615 890 δ’
1648 839 1754 891 ἀπὸ
1794 849 1890 906 τῆς

198 924 429 996 ἑσπέρας
486 925 704 998 μεγάλῳ
761 926 899 978 κατὰ
952 928 1012 979 τὸ
1069 927 1397 979 στενότατον
1446 927 1639 998 πύργῳ
1699 927 1889 979 διετεί-
1951 991 1954 994 Α

197 1027 381 1082 χισεν,
434 1012 692 1083 ἀπέχοντι
739 1021 835 1082 τῆς
884 1015 1053 1082 ἄκρας
1097 1015 1316 1084 πήχεων
1364 1013 1466 1067 οὐκ
1504 1017 1730 1067 ἔλαττον
1771 1015 1889 1067 διά·
1916 1035 1956 1066 10

198 1117 376 1171 στημα
422 1105 644 1172 χιλίων,
699 1101 765 1155 ὃν
817 1102 946 1155 οὔτε
997 1106 1302 1172 παρελθεῖν
1349 1103 1593 1155 δυνατὸν
1641 1098 1713 1170 ἧν
1762 1103 1890 1156 οὔτε

199 1189 399 1263 ῥᾴδιον
433 1188 593 1244 ἑλεῖν.
648 1189 946 1254 δυσέξοδος
978 1187 1039 1243 δὲ
1077 1188 1170 1243 καὶ
1207 1200 1323 1253 τοῖς
1361 1188 1473 1259 μετ’
1507 1189 1694 1252 ἀδείας
1734 1192 1890 1258 βαδί-

201 1283 389 1344 ζουσιν
428 1278 732 1348 ἐπεποίητο.

308 1368 490 1436 <294>
531 1368 673 1421 οὕτω
715 1365 816 1436 μὲν
858 1364 960 1421 οὖν
999 1369 1136 1437 πρὸς
1173 1369 1269 1431 τὰς
1306 1377 1418 1420 τῶν
1448 1370 1728 1437 πολεμίων
1763 1367 1891 1438 ε’φό-

198 1458 332 1519 δους
370 1458 537 1525 φύσει
575 1475 633 1508 τε
663 1454 755 1508 καὶ
787 1458 1180 1526 χειροποιήτως
1209 1458 1270 1510 τὸ
1302 1457 1579 1526 φρούριον
1610 1455 1891 1527 ὠχύρωτο,
1915 1477 1957 1509 15

197 1546 380 1614 <295>
413 1554 525 1598 τῶν
557 1542 606 1597 δ’
639 1545 805 1597 ἔνδον
838 1543 1217 1614 ἀποκειμένων
1247 1554 1612 1614 παρασκευῶν
1644 1547 1723 1597 ἔτι
1754 1549 1889 1613 μᾶλ-

196 1639 298 1687 λον
337 1635 407 1687 ἄν
446 1654 527 1695 τις
567 1633 849 1701 ἐθαύμασε
895 1634 995 1702 τὴν
1034 1636 1386 1703 λαμπρότητα
1423 1631 1516 1686 καὶ
1557 1634 1660 1701 τὴν
1700 1634 1892 1702 διαμο-

197 1724 329 1791 μήν·
391 1722 573 1791 <296>
620 1724 769 1784 σῖτός
814 1742 872 1775 τε
918 1723 1023 1791 γὰρ
1071 1721 1324 1776 ἀπέκειτο
1363 1725 1538 1784 πολὺς
1574 1720 1666 1774 καὶ
1712 1725 1892 1776 πολὺν

197 1813 402 1879 χρόνον
457 1810 646 1881 ἀρκεῖν
709 1810 1070 1878 ἱκανώτατος,
1135 1807 1284 1873 οἶνός
1339 1830 1396 1863 τε
1451 1812 1625 1872 πολὺς
1675 1806 1746 1878 ἦν
1800 1809 1891 1864 καὶ

198 1901 409 1966 ἔλαιον,
463 1902 542 1952 ἔτι
583 1896 645 1952 δὲ
683 1909 944 1961 παντοῖος
982 1899 1230 1968 ὀσπρίων
1267 1900 1476 1968 καρπὸς
1513 1897 1604 1951 καὶ
1644 1901 1893 1967 φοίνικες
1916 1922 1958 1954 20
2031 1887 2032 1924 ἶ

197 1987 583 2057 ἐσεσώρευντο.
654 1987 838 2056 <297>
868 1988 1047 2041 πάντα
1079 1985 1129 2040 δ’
1168 1984 1329 2059 εὗρεν
1362 1988 1391 2042 ὁ
1415 1986 1753 2058 Ἐλεάζαρος,
1791 1996 1891 2042 τοῦ

197 2081 475 2147 φρουρίου
523 2078 657 2146 μετὰ
704 2086 816 2130 τῶν
863 2079 1129 2147 σικαρίων
1176 2076 1441 2145 ἐγκρατὴς
1480 2077 1627 2149 δόλῳ
1667 2080 1892 2146 γενόμε-

197 2187 321 2235 νος,
374 2165 580 2235 ἀκμαῖα
624 2164 716 2218 καὶ
762 2162 937 2234 μηδὲν
982 2175 1094 2219 τῶν
1140 2163 1340 2219 νεωστὶ
1386 2163 1655 2233 κειμένων
1695 2163 1892 2218 ἀποδέ-

162 2323 167 2329 .
198 2272 354 2308 οντα·
403 2257 583 2308 καίτοι
623 2254 822 2323 σχεδὸν
863 2254 969 2307 ἀπὸ
1008 2261 1103 2322 τῆς
1139 2260 1489 2322 παρασκευῆς
1527 2254 1606 2316 εἰς
1642 2254 1744 2322 τὴν
1782 2253 1890 2307 ὑπὸ

191 2342 476 2413 Ῥωμαίοις
522 2344 733 2396 ἅλωσιν
780 2340 976 2396 ἑκατὸν
1021 2339 1092 2411 ἦν
1142 2345 1344 2413 χρόνος
1393 2342 1547 2396 ἐτῶν.
1623 2340 1762 2395 ἀλλὰ
1800 2340 1891 2395 καὶ
1916 2351 1959 2398 2'5

192 2430 446 2501 Ῥωμαῖοι
477 2434 608 2494 τοὺς
637 2430 1099 2500 περιλειφθέντας
1127 2441 1239 2484 τῶν
1270 2440 1497 2502 καρπῶν
1535 2426 1703 2500 εὗρον
1743 2429 1893 2484 ἀδια-

197 2523 466 2590 φθόρους.
543 2519 727 2588 <298>
774 2525 953 2573 αἴτιον
1001 2518 1048 2572 δ’
1098 2520 1201 2574 οὐκ
1247 2519 1316 2572 ἂν
1369 2518 1601 2588 ἁμάρτοι
1639 2538 1720 2581 τις
1758 2518 1892 2572 ὑπο-

198 2609 499 2677 λαμβάνων
531 2603 676 2661 εἶναι
707 2608 805 2660 τὸν
838 2608 971 2677 ἀέρα
1003 2616 1100 2677 τῆς
1131 2610 1425 2678 διαμονῆς,
1465 2608 1595 2672 ὕψει
1626 2617 1738 2661 τῶν
1767 2605 1893 2677 περὶ

197 2698 299 2765 τὴν
354 2698 529 2766 ἄκραν
583 2696 760 2765 πάσης
814 2698 947 2750 ὄντα
997 2699 1244 2766 γεώδους
1292 2695 1384 2750 καὶ
1433 2701 1674 2764 θολερᾶς
1723 2695 1891 2765 ἀμιγῆ

197 2786 457 2854 κράσεως.
535 2785 734 2854 <299>
793 2785 998 2855 εὑρέθη
1063 2783 1125 2839 δὲ
1185 2784 1277 2839 καὶ
1337 2788 1618 2839 παντοίων
1677 2789 1893 2852 πλῆθος
1915 2810 1958 2841 30

200 2873 387 2926 ὅπλων
420 2873 527 2926 ὑπὸ
560 2881 660 2927 τοῦ
699 2872 966 2942 βασιλέως
1004 2872 1647 2942 ἀποτεθησαυρισμένον,
1688 2873 1762 2935 ὡς
1801 2872 1897 2924 ἀν-
