2032 3128
711 85 922 128 ΛΟΓΟΣ
953 86 1254 127 ΠΕΜΠΤΟΣ
1738 82 1807 134 67

245 218 424 287 <512>
444 215 732 281 Ἰουδαίοις
764 215 825 271 δὲ
849 219 981 286 μετὰ
1011 226 1121 270 τῶν
1155 216 1360 281 ἐξόδων
1393 216 1634 286 ἀπεκόπη
1666 225 1814 270 πᾶσα
1844 234 1871 274 3

133 309 401 375 σωτηριάς
441 306 610 374 ἐλπίς,
647 305 737 358 καὶ
775 307 1030 375 βαθύνας
1070 303 1269 359 ἑαυτὸν
1308 307 1336 359 ὁ
1378 307 1534 374 λιμὸς
1571 302 1686 358 κατ’
1733 310 1812 358 οἴ-

130 413 262 456 κους
314 393 404 447 καὶ
459 395 650 462 γενεὰς
698 397 795 448 τὸν
849 396 1027 464 δῆμον
1080 394 1419 463 ἐπεβόσκετο.
1494 393 1676 462 <513>
1721 392 1813 446 καὶ

129 483 194 535 τὰ
243 479 343 550 μὲν
389 480 517 550 τέγη
568 483 889 551 πεπλήρωτο
937 491 1218 550 γυναικῶν
1263 480 1353 534 καὶ
1392 485 1617 551 βρεφῶν
1656 486 1812 535 λελυ-

84 568 337 639 5μένων,
386 571 444 623 οἱ
486 568 753 623 στενωποὶ
794 567 855 624 δὲ
902 573 1176 640 γερόντων
1218 579 1447 640 νεκρῶν.
1522 571 1712 632 παῖδες
1752 566 1814 622 δὲ
1864 615 1866 617 .

128 656 218 711 καὶ
266 661 479 711 νεανίαι
528 660 868 722 διοιδοῦντες
915 659 1096 729 ὥσπερ
1145 659 1347 711 εἴδωλα
1385 658 1520 711 κατὰ
1559 659 1653 721 τὰς
1685 658 1813 725 ἀγο-

129 748 227 815 ράς
274 746 620 815 ἀνειλοῦντο,
673 746 765 799 καὶ
811 746 1142 800 κατέπιπτον
1189 747 1296 816 ὅπῃ
1347 747 1470 799 τινὰ
1519 747 1581 799 τὸ
1631 746 1814 809 πάθος

127 835 552 903 καταλαμβάνοι.
630 834 812 904 <514>
859 835 1097 888 θάπτειν
1150 832 1211 887 δὲ
1256 837 1387 897 τοὺς
1435 836 1815 905 προσήκοντας

130 921 246 976 οὔτ’
295 929 487 993 ἴσχυον
542 924 600 976 οἱ
648 924 975 992 κάμνοντες,
1020 921 1112 976 καὶ
1162 925 1223 976 τὸ
1276 925 1601 977 διευτονοῦν
1650 923 1814 975 ὤκνει

57 1032 107 1064 ιο
132 1011 223 1064 διά
262 1030 319 1064 τε
357 1013 418 1064 τὸ
458 1015 673 1079 πλῆθος
711 1021 821 1065 τῶν
859 1020 1072 1081 νεκρῶν
1114 1010 1205 1064 καὶ
1244 1013 1305 1064 τὸ
1337 1012 1472 1064 κατὰ
1505 1018 1649 1077 σφᾶς
1679 1012 1812 1079 ἄδη-

124 1102 246 1152 λον·
286 1097 482 1152 πολλοὶ
528 1107 670 1167 γοῦν
715 1109 829 1162 τοῖς
874 1097 968 1152 ὑπ’
1013 1100 1196 1153 αὐτῶν
1234 1097 1607 1168 θαπτομένοις
1646 1098 1813 1151 ἐπαπ-

124 1185 420 1256 έθνησκον,
458 1186 654 1242 πολλοὶ
696 1185 746 1240 δ’
786 1187 873 1241 ἐπὶ
905 1189 1001 1251 τὰς
1031 1191 1227 1257 θήκας,
1266 1186 1398 1257 πρὶν
1435 1186 1719 1255 ἐπιστῆναι
1750 1189 1811 1240 τὸ

120 1277 329 1346 χρεών,
383 1281 688 1346 προῆλθον.
763 1275 959 1345 <515>
1013 1277 1140 1330 οὔτε
1197 1273 1258 1329 δὲ
1312 1282 1524 1345 θρῆνος
1579 1274 1638 1328 ἐν
1693 1283 1812 1338 ταῖς

122 1374 432 1434 συμφοραῖς
478 1362 593 1418 οὔτ’
649 1365 967 1435 ὀλοφυρμὸς
1013 1361 1111 1434 ἦν,
1161 1363 1282 1418 ἀλλ’
1334 1365 1363 1419 ὁ
1411 1366 1568 1433 λιμὸς
1616 1365 1811 1433 ἤλεγχε

55 1473 99 1506 15
122 1453 187 1505 τὰ
226 1453 395 1522 πάθη.
473 1453 659 1524 ξηροῖς
707 1455 812 1524 γὰρ
858 1464 974 1517 τοῖς
1022 1455 1228 1523 ὄμμασι
1267 1452 1358 1507 καὶ
1397 1455 1658 1523 σεσηρόσι
1696 1461 1813 1515 τοῖς

122 1543 388 1609 στόμασιν
429 1543 487 1595 οὗ
522 1543 983 1606 δυσθανατῶντες
1015 1542 1278 1612 ἐφεώρων
1318 1545 1447 1605 τοὺς
1485 1541 1813 1611 φθάσαντας

121 1628 571 1699 ἀναπαύσασθαι,
610 1634 811 1699 βαθεῖα
852 1629 913 1684 δὲ
951 1633 1053 1700 τὴν
1085 1634 1251 1685 πόλιν
1289 1641 1527 1700 περιεῖχε
1562 1631 1688 1699 σιγὴ
1721 1627 1813 1682 καὶ

119 1717 221 1782 νὺξ
261 1719 514 1772 θανάτου
553 1718 826 1788 γέμουσα,
866 1718 956 1773 καὶ
996 1721 1208 1774 τούτων
1250 1720 1308 1773 οἱ
1342 1717 1536 1790 λῃσταὶ
1574 1719 1813 1788 χαλεπώ-

118 1826 281 1876 τεροι.
346 1806 527 1876 <516>
566 1811 1059 1878 τυμβωρυχοῦντες
1090 1816 1229 1876 γοῦν
1262 1808 1357 1871 τὰς
1388 1810 1565 1870 οἰκίας
1597 1807 1813 1861 ἐσύλων

7 1937 15 1941 «
52 1916 95 1948 20
119 1898 249 1959 τοὺς
302 1897 559 1967 νεκρούς,
614 1895 706 1949 καὶ
759 1897 825 1949 τὰ
871 1898 1332 1966 κατακαλύμματα
1380 1906 1490 1949 τῶν
1543 1895 1812 1965 σωμάτων

119 1994 493 2053 περισπῶντες
538 1986 671 2055 μετὰ
710 1984 948 2053 γέλωτος
988 1985 1215 2056 ἐξῇσαν,
1265 1985 1359 2047 τάς
1397 1983 1446 2038 τ’
1490 1984 1664 2054 ἀκμὰς
1701 1993 1813 2038 τῶν

118 2072 297 2143 ξιφῶν
338 2074 662 2143 ἐδοκίμαζον
703 2073 764 2128 ἐν
795 2084 908 2136 τοῖς
946 2076 1215 2143 πτώμασι,
1253 2077 1352 2127 καί
1385 2094 1537 2136 τινας
1575 2082 1686 2126 τῶν
1727 2071 1812 2143 ἐρ-

118 2161 400 2232 ριμμένων
449 2165 527 2216 ἔτι
577 2166 779 2228 ζῶντας
825 2165 1131 2232 διήλαυνον
1179 2161 1266 2216 ἐπὶ
1317 2165 1480 2234 πείρα
1517 2169 1618 2215 τοῦ
1659 2162 1813 2229 σιδή-

118 2270 236 2319 ρου.
313 2250 496 2320 <517>
535 2254 665 2314 τοὺς
705 2250 757 2304 δ’
803 2253 1146 2315 ἱκετεύοντας
1183 2258 1383 2322 χρῆσαι
1425 2254 1584 2320 σφίσι
1624 2250 1811 2314 δεξιὰν

47 2358 90 2391 25
113 2338 204 2392 καὶ
253 2339 409 2409 ξίφος
455 2346 531 2412 τῷ
579 2344 720 2413 λιμῷ
768 2340 1090 2394 κατέλειπον
1137 2340 1642 2411 ὑπερηφανοῦντες.
1718 2337 1812 2391 καὶ

113 2438 225 2481 τῶν
273 2427 619 2482 ἐκπνεόντων
666 2429 893 2493 ἕκαστος
940 2428 1193 2493 ἀτενίσας
1240 2431 1317 2492 εἰς
1363 2430 1460 2486 τὸν
1498 2430 1638 2482 ναὸν
1679 2427 1812 2497 ἀφε-

114 2518 245 2586 ώρα,
286 2519 416 2580 τοὺς
456 2519 783 2581 στασιαστὰς
825 2521 1028 2583 ζῶντας
1066 2518 1368 2573 ἀπολιπών.
1438 2515 1622 2585 <518>
1662 2518 1720 2569 οἳ
1749 2512 1812 2568 δὲ

112 2607 173 2659 τὸ
214 2603 316 2674 μὲν
355 2616 577 2676 πρῶτον
616 2606 723 2661 ἀπὸ
770 2616 870 2661 τοῦ
910 2609 1183 2677 δημοσίου
1222 2613 1517 2676 θησαυροῦ
1556 2607 1687 2667 τοὺς
1724 2623 1812 2658 νε-

111 2696 278 2763 κροὺς
301 2695 540 2749 θάπτειν
571 2695 847 2766 ἐκέλευον,
877 2696 979 2765 τὴν
1013 2697 1192 2766 ὀσμὴν
1218 2695 1285 2750 οὐ
1310 2694 1594 2766 φέροντες,
1626 2690 1804 2749 ἔπειθ’

44 2802 87 2836 so
112 2770 186 2845 ὥς
227 2783 294 2836 οὐ
335 2785 631 2855 διήρκουν,
677 2784 784 2838 ἀπὸ
836 2795 947 2839 τῶν
997 2794 1194 2855 τειχῶν
1246 2784 1543 2855 ἐρρίπτουν
1589 2784 1669 2846 εἰς
1714 2782 1812 2845 τὰς

111 2870 412 2940 φάραγγας.
474 2873 654 2943 <519>
693 2875 924 2944 περιιὼν
965 2871 1026 2927 δὲ
1066 2875 1266 2937 ταύτας
1305 2874 1334 2928 ὁ
1383 2875 1544 2934 Τίτος
1582 2872 1656 2934 ὡς
1687 2870 1812 2924 ἐθε-

1483 2959 1541 3002 5*
