2032 3128
157 125 266 178 300
713 129 814 169 ΕΙΣ
845 129 1195 171 MAKKABAIO
1202 130 1282 170 ΤΣ

159 263 267 324 ζειν
299 260 696 327 ἀπογεύεσθαι·
735 259 878 328 <52>
916 262 968 313 εἰ
1004 260 1069 314 δέ
1103 281 1247 324 τινες
1285 263 1357 330 μὴ
1390 261 1613 315 θέλοιεν
1644 281 1835 330 μιαρο-

158 356 427 417 φαγῆσαι,
469 349 697 411 τούτους
734 347 1125 418 τροχισθέντας
1162 349 1542 419 ἀναιρεθῆναι.
1616 353 1837 403 πολλῶν

158 432 260 488 οὖν
300 435 806 506 συναρπασθέντων
845 436 904 490 ἐκ
942 445 1042 491 τοῦ
1081 439 1266 508 ὄχλου,
1309 437 1450 506 ἀνήρ
1489 458 1570 501 τις
1610 438 1838 506 ὀνόματι

151 522 494 594 Ἐλεάζαρος,
545 526 606 578 τὸ
660 524 823 593 γένος
868 527 1069 594 ἱερεύς,
1121 527 1222 594 τὴν
1270 526 1570 595 ἐπιστήμην
1615 527 1839 595 νομικὸς

157 611 248 665 καὶ
294 613 393 681 τὴν
439 612 655 681 ἡλικίαν
700 614 959 683 προήκων
1005 612 1096 667 καὶ
1146 618 1372 677 πολλοῖς
1416 623 1527 667 τῶν
1572 613 1698 684 περὶ
1742 617 1839 668 τὸν
1883 635 1905 667 5

158 702 435 768 τύραννον
469 701 559 754 διὰ
593 703 695 771 τὴν
725 702 944 770 ἡλικίαν
975 704 1266 772 γνώριμος,
1304 705 1563 772 παρήχθη
1602 706 1837 770 πλησίον

158 788 346 842 αὐτοῦ.
422 790 565 858 <53>
608 788 699 859 καὶ
749 792 885 843 ἰδὼν
936 791 1107 844 αὐτὸν
1155 791 1184 844 ὁ
1229 789 1506 860 Ἀντίοχος
1551 792 1655 860 ἔφη
1703 790 1836 858 (ἐγὼ

154 876 290 944 πρὶν
329 877 601 948 ἄρξασθαι
647 888 760 932 τῶν
797 880 931 932 κατὰ
979 886 1081 933 σοῦ
1127 880 1406 948 βασάνων,
1454 875 1495 931 ὦ
1541 882 1838 946 πρεσβῦτα,

159 965 628 1036 συμβουλεύσαιμ’
655 969 724 1020 ἄν
756 983 844 1020 σοι
877 968 1023 1030 ὅπως
1053 967 1500 1037 ἀπογευσάμενος
1531 977 1641 1020 τῶν
1671 968 1840 1020 ὑείων

159 1055 377 1118 σώζοιο·
426 1055 571 1124 <54>
611 1057 871 1125 αἰδοῦμαι
917 1057 1022 1126 γὰρ
1071 1064 1173 1110 σοῦ
1219 1055 1310 1110 καὶ
1356 1057 1455 1125 τὴν
1492 1056 1712 1124 ἡλικίαν
1751 1053 1842 1108 καὶ
1866 1076 1908 1108 ιο

158 1144 259 1211 τὴν
298 1144 514 1212 πολιάν,
560 1144 631 1212 ἣν
668 1152 936 1198 τοσοῦτον
981 1148 1190 1214 χρόνον
1228 1147 1368 1215 ἔχων
1408 1145 1475 1198 οὔ
1524 1164 1616 1212 μοι
1664 1146 1844 1206 δοκεῖς

158 1235 509 1300 φιλοσοφεῖν,
551 1240 615 1302 τῇ
657 1230 945 1286 Ἰουδαίων
983 1234 1262 1303 χρώμενος
1299 1236 1583 1303 θρησκεία.
1661 1233 1752 1288 διὰ
1791 1235 1849 1284 τί

159 1321 262 1388 γὰρ
317 1328 413 1388 τῆς
467 1322 686 1389 φύσεως
737 1321 1129 1392 κεχαρισμένης
1181 1324 1477 1390 καλλίστην
1531 1322 1630 1388 τὴν
1679 1322 1844 1374 τοῦδε

158 1417 257 1461 τοῦ
306 1406 445 1479 ζῴου
492 1414 875 1479 σαρκοφαγίαν
923 1413 992 1463 σὺ
1042 1411 1338 1481 βδελύττῃ;
1394 1410 1538 1478 <55>
1593 1407 1685 1462 καὶ
1738 1410 1842 1478 γὰρ

159 1496 395 1565 ἀνόητον
426 1505 589 1551 τοῦτο
623 1499 793 1566 δοκεῖ,
831 1501 893 1552 τὸ
926 1500 999 1567 μὴ
1032 1498 1333 1552 ἀπολαύειν
1363 1507 1475 1551 τῶν
1506 1496 1672 1568 χωρὶς
1703 1497 1843 1550 ὀνεί-
1869 1519 1912 1552 15

160 1586 289 1647 δους
322 1584 519 1655 ἡδέων,
550 1585 641 1639 καὶ
674 1574 868 1641 ἄδικον
900 1586 1345 1657 ἀποστρέφεσθαι
1376 1587 1472 1649 τὰς
1501 1594 1596 1655 τῆς
1626 1586 1846 1654 φύσεως

159 1674 395 1743 χάριτας.
474 1677 543 1727 σὺ
585 1674 651 1728 δέ
689 1695 782 1745 μοι
821 1674 911 1729 καὶ
951 1675 1315 1745 ἀνοητότερον
1351 1677 1606 1743 ποιήσειν
1646 1675 1847 1742 δοκεῖς,

160 1764 211 1814 εἰ
247 1762 557 1826 κενοδοξῶν
587 1762 713 1833 περὶ
744 1766 806 1817 τὸ
838 1761 1044 1832 ἀληθὲς
1080 1766 1158 1817 ἔτι
1197 1763 1375 1832 κάμοῦ
1413 1765 1847 1832 καταφρονήσεις

160 1849 248 1903 ἐπὶ
293 1858 357 1921 τῇ
407 1853 522 1923 ἰδίᾳ
566 1855 819 1923 τιμωρίᾳ.
895 1853 1039 1922 (56)
1079 1853 1181 1905 οὐκ
1227 1851 1557 1916 ἐξυπνώσεις
1603 1851 1708 1904 ἀπὸ
1753 1858 1848 1918 τῆς

159 1940 413 2008 φλυάρου
452 1943 786 2010 φιλοσοφίας
821 1940 997 2010 ὑμῶν,
1044 1938 1136 1993 καὶ
1176 1939 1567 2001 ἀποσκεδάσεις
1605 1948 1715 1992 τῶν
1755 1943 1846 1992 λο-
1870 1962 1914 1995 20

160 2038 374 2097 γισμῶν
421 2044 523 2082 σου
570 2031 668 2082 τὸν
716 2033 905 2099 λῆρον,
959 2028 1050 2082 καὶ
1096 2028 1252 2093 ἄξιον
1299 2035 1438 2082 νοῦν
1485 2035 1580 2096 τῆς
1633 2028 1848 2096 ἡλικίας

161 2115 454 2186 ἀναλαβὼν
493 2119 891 2187 φιλοσοφήσεις
935 2119 1037 2186 τὴν
1085 2119 1378 2187 σύμφορον
1422 2116 1710 2185 ἀλήθειαν,
1755 2114 1848 2170 καὶ

159 2208 546 2275 προσκυνήσας
577 2226 685 2274 μου
715 2208 817 2275 τὴν
848 2207 1253 2276 φιλάνθρωπον
1284 2209 1630 2276 παρηγορίαν
1654 2207 1848 2259 οἰκτει-

162 2297 346 2363 ρήσεις
389 2296 452 2348 τὸ
500 2302 734 2349 σεαυτοῦ
781 2303 977 2365 γῆρας;
1030 2295 1176 2364 <57>
1214 2293 1306 2348 καὶ
1352 2295 1456 2364 γὰρ
1497 2294 1849 2364 ἐνθυμήθητι

161 2383 234 2445 ὡς
265 2385 318 2435 εἰ
352 2386 449 2436 καί
481 2403 564 2446 τις
595 2386 710 2437 ἔστι
740 2386 905 2454 τῆσδε
937 2391 1031 2453 τῆς
1068 2387 1368 2454 θρησκείας
1397 2383 1555 2453 ὑμῶν
1587 2382 1848 2450 ἐποπτικὴ
1873 2404 1916 2437 25

163 2473 421 2540 δύναμις,
476 2474 994 2542 συγγνωμονήσειεν
1045 2474 1114 2525 ἄν
1161 2487 1249 2526 σοι
1303 2470 1390 2525 ἐπὶ
1444 2472 1590 2541 πάσῃ
1643 2479 1707 2541 τῇ
1765 2469 1840 2524 δι’

162 2560 409 2629 ἀνάγκην
440 2563 756 2632 παρανομίᾳ
794 2559 1094 2631 γινομένῃ.’
1149 2569 1348 2616 τοῦτον
1381 2557 1485 2614 οὖν
1515 2562 1613 2613 τὸν
1644 2563 1851 2628 τρόπον

163 2647 251 2702 ἐπὶ
289 2650 391 2718 τὴν
431 2651 704 2718 ἔκθεσμον
744 2652 1126 2720 σαρκοφαγίαν
1167 2650 1565 2720 ἐποτρύνοντος
1611 2657 1712 2702 τοῦ
1757 2669 1850 2701 τυ-

164 2737 401 2806 ράννου,
448 2739 618 2806 λόγον
664 2736 869 2809 ᾔτησεν
917 2738 946 2792 ὁ
987 2736 1331 2807 Ἐλεάζαρος,
1381 2740 1472 2791 καὶ
1519 2738 1705 2806 λαβὼν
1752 2745 1851 2791 τοῦ

163 2825 345 2894 λέγειν
408 2826 665 2890 ἐξουσίαν
725 2825 952 2897 ἤρξατο
990 2827 1353 2896 δημηγορεῖν,
1413 2825 1591 2895 λέγων
1653 2826 1850 2888 οὕτως·
1874 2847 1918 2879 3ο

162 2914 307 2984 (58)
347 2914 554 2984 (ἡμεῖς,
596 2913 866 2985 Ἀντίοχε,
914 2919 1052 2988 θείῳ
1099 2913 1452 2984 πεπεισμένοι
1498 2917 1650 2987 νόμῳ
1697 2918 1851 2967 πολι·
