2032 3128
203 81 312 133 120
621 83 745 125 ΤΟΥ
775 83 1115 124 ῙοΤΔΑῐΚοΤ
1145 84 1452 125 ΠΟΛΕΜΟΥ

196 216 359 278 πεζὸν
406 214 821 283 ἀποσφάξαντες
868 214 1078 278 εὐθέως
1128 217 1334 286 ἔσυραν
1379 214 1503 283 περὶ
1550 216 1651 283 τὴν
1700 217 1883 283 πόλιν,

199 303 381 369 ὥσπερ
409 301 491 355 ἑνὶ
518 305 726 372 σώματι
750 304 956 366 πάντας
980 302 1276 372 Ῥωμαίους
1304 303 1660 373 ἀμυνόμενοι,
1700 302 1882 371 <360>

198 390 228 442 ὁ
269 388 318 442 δ’
361 391 554 453 ἱππεὺς
604 391 886 460 ὠφέλιμόν
925 412 979 444 τι
1017 391 1205 454 αὐτοῖς
1249 394 1387 462 πρὸς
1433 394 1710 459 σωτηρίαν
1748 391 1884 443 ὑπο-

195 479 476 545 θήσεσθαι
508 477 686 546 λέγων
717 479 977 547 ἀνάγεται
1008 481 1146 549 πρὸς
1179 483 1430 548 Σίμωνα·
1469 476 1596 548 παρ’
1635 473 1676 549 ᾧ
1711 474 1885 547 μηδὲν

199 567 373 617 εἰπεῖν
414 569 556 635 ἔχων
601 565 845 638 Ἀρδάλῳ
893 565 1003 619 τινὶ
1042 577 1154 620 τῶν
1193 567 1482 635 ἡγεμόνων
1520 568 1884 636 παραδίδοται
1931 594 1952 627 5

198 658 700 723 κολασθησόμενος.
775 657 972 724 <361>
1019 655 1048 708 ὃ
1099 653 1151 708 δ’
1195 656 1364 708 αὐτὸν
1411 656 1583 709 ὀπίσω
1623 656 1698 708 τὼ
1740 663 1886 724 χεῖρε

200 742 371 810 δήσας
415 741 506 795 καὶ
553 747 736 814 ταινίᾳ
782 746 912 806 τοὺς
963 744 1292 812 ὀφθαλμοὺς
1338 743 1569 811 ἀντικρὺ
1614 753 1724 796 τῶν
1764 742 1887 795 Ῥω-

200 834 379 899 μαίων
418 833 734 899 προήγαγεν
773 832 847 894 ὡς
884 834 1300 900 καρατομήσων·
1341 831 1551 900 φθάνει
1591 827 1641 884 δ’
1680 830 1889 894 ἐκεῖνος

199 921 280 982 εἰς
317 921 447 982 τοὺς
477 917 776 987 Ῥωμαίους
816 921 1138 988 διαφυγών,
1179 919 1239 973 ἐν
1278 919 1389 992 ὅσῳ
1430 922 1491 973 τὸ
1532 919 1688 989 ξίφος
1728 919 1890 972 ἐσπά-

200 1022 332 1061 σατο
381 1008 410 1061 ὁ
452 1005 736 1071 Ἰουδαῖος.
812 1009 995 1076 <362>
1033 1016 1232 1061 τοῦτον
1281 1009 1627 1077 διαφυγόντα
1674 1007 1733 1061 ἐκ
1779 1017 1889 1060 τῶν
1914 1036 1958 1068 10

198 1100 478 1165 πολεμίων
517 1097 734 1150 ἀνελεῖν
775 1094 875 1165 μὲν
917 1097 1017 1167 οὐχ
1049 1095 1308 1165 ὑπέμεινε
1349 1100 1527 1165 Τίτος,
1567 1095 1794 1160 ἀνάξιον
1829 1092 1890 1148 δὲ

193 1182 472 1252 Ῥωμαίων
528 1181 669 1238 εἶναι
726 1186 1065 1254 στρατιώτην
1115 1188 1308 1253 κρίνας
1358 1184 1442 1237 ὅτι
1495 1188 1600 1249 ζῶν
1652 1185 1891 1254 ἐλήφθη,

198 1273 264 1325 τά
302 1269 361 1325 θ’
403 1271 524 1325 ὅπλ’
566 1271 823 1341 ἀφείλετο
863 1271 953 1325 καὶ
993 1280 1093 1326 τοῦ
1132 1273 1405 1341 τάγματος
1444 1271 1714 1341 ἐξέβαλεν,
1753 1273 1890 1342 ἅπερ

198 1357 269 1430 ’ἦν
310 1355 690 1432 αἰσχυνομένῳ
730 1362 984 1414 θανάτου
1023 1362 1383 1431 χαλεπώτερα.

315 1450 499 1519 <363>
538 1457 602 1519 τῇ
643 1447 692 1502 δ’
735 1447 856 1518 ἑξῆς
879 1448 1135 1519 Ῥωμαῖοι
1166 1450 1500 1518 τρεψάμενοι
1531 1452 1660 1512 τοὺς
1691 1451 1892 1519 λῃστὰς
1917 1476 1962 1509 15

200 1538 259 1592 ἐκ
298 1546 392 1607 τῆς
430 1538 574 1591 κάτω
615 1541 827 1601 πόλεως
863 1539 930 1591 τὰ
969 1538 1127 1608 μέχρι
1165 1546 1266 1592 τοῦ
1305 1539 1538 1607 Σιλωὰμ
1580 1536 1737 1591 πάντ’
1779 1537 1891 1591 ἐνέ-

198 1642 431 1696 πρησαν.
508 1625 598 1679 καὶ
653 1635 753 1680 τοῦ
807 1624 908 1695 μὲν
963 1628 1154 1689 ἄστεος
1210 1627 1415 1696 ἥδοντο
1472 1626 1894 1696 δαπανωμένου,

199 1725 310 1768 τῶν
351 1714 401 1768 δ’
439 1715 703 1783 ἁρπαγῶν
744 1715 1146 1785 διημάρτανον,
1190 1715 1378 1784 ἐπειδὴ
1414 1713 1584 1768 πάνθ’
1625 1716 1683 1768 οἱ
1711 1729 1895 1768 στασι-

200 1802 360 1856 ασταὶ
420 1812 821 1872 προκενοῦντες
882 1803 1202 1874 ἀνεχώρουν
1257 1807 1335 1867 εἰς
1389 1805 1490 1873 τὴν
1545 1805 1661 1857 ἄνω
1715 1805 1894 1858 πόλιν.

201 1892 384 1962 <364>
422 1889 493 1961 ἦν
540 1894 645 1962 γὰρ
693 1893 882 1956 αὐτοῖς
929 1893 1191 1962 μετάνοια
1237 1891 1338 1963 μὲν
1380 1893 1614 1963 οὐδεμία
1652 1903 1762 1946 τῶν
1801 1913 1895 1946 κα-
1920 1919 1966 1952 20

199 1991 340 2050 κῶν,
389 1981 675 2045 ἀλαζονεία
724 1979 773 2034 δ’
823 1983 896 2044 ὡς
944 1980 1026 2035 ἐπ’
1075 1982 1322 2050 ἀγαθοῖς.
1400 1981 1702 2051 καιομένην
1756 1989 1896 2050 γοῦν

201 2069 520 2140 ἀφορῶντες
558 2071 659 2139 τὴν
694 2073 879 2139 πόλιν,
921 2071 1132 2140 ἱλαροῖς
1163 2080 1278 2134 τοῖς
1308 2072 1625 2140 προσώποις
1657 2071 1897 2139 εὔθυμοι

200 2160 302 2227 τὴν
341 2160 602 2228 τελευτὴν
642 2159 1053 2229 προσδέχεσθαι
1086 2162 1305 2228 ἔλεγον,
1343 2157 1763 2229 πεφονευμένου
1795 2155 1897 2228 μὲν

198 2254 300 2300 τοῦ
349 2248 562 2319 δήμου,
602 2246 944 2316 κεκαυμένου
986 2245 1047 2300 δὲ
1093 2256 1193 2301 τοῦ
1233 2255 1399 2316 ναοῦ,
1449 2245 1796 2317 φλεγομένου
1837 2243 1897 2299 δὲ

201 2337 409 2404 ἄστεος,
449 2332 624 2405 μηδὲν
663 2339 1055 2399 καταλιπόντες
1091 2347 1209 2399 τοῖς
1247 2339 1544 2406 πολεμίοις.
1609 2335 1790 2405 <365>
1830 2335 1898 2389 οὐ
1923 2359 1968 2393 25

200 2425 311 2494 μὴν
352 2424 381 2476 ὅ
422 2444 484 2491 γε
520 2422 780 2493 Ἰώσηπος
820 2424 879 2477 ἐν
928 2424 1175 2495 ἐσχάτοις
1216 2426 1477 2478 ἱκετεύων
1517 2424 1721 2486 αὐτοὺς
1758 2421 1898 2492 ὑπὲρ

199 2522 312 2566 τῶν
360 2513 642 2575 λειψάνων
688 2521 784 2582 τῆς
830 2516 1042 2576 πόλεως
1088 2516 1350 2583 ἔκαμνεν,
1397 2513 1536 2566 ἀλλὰ
1581 2513 1758 2566 πολλὰ
1797 2509 1900 2582 μὲν

200 2602 338 2672 πρὸς
377 2604 479 2671 τὴν
519 2602 771 2670 ὠμότητα
810 2601 901 2655 καὶ
941 2604 1043 2672 τὴν
1083 2602 1342 2672 ἀσέβειαν
1381 2602 1581 2670 εἰπών,
1619 2602 1797 2655 πολλὰ
1838 2599 1900 2653 δὲ

202 2691 626 2759 συμβουλεύσας
663 2692 801 2756 πρὸς
840 2693 1149 2759 σωτηρίαν,
1190 2687 1358 2744 οὐδὲν
1389 2698 1490 2744 τοῦ
1521 2693 1901 2759 χλευασθῆναι

199 2778 371 2833 πλέον
419 2778 780 2848 ἀπηνέγκατο.
857 2779 1054 2848 (366)
1103 2777 1218 2832 ἐπεὶ
1271 2773 1321 2832 δ’
1375 2779 1501 2832 οὔτε
1548 2779 1899 2848 παραδοῦναι
1925 2801 1970 2833 30

202 2869 295 2921 διὰ
354 2869 448 2921 τὸν
504 2869 672 2938 ὅρκον
730 2866 960 2931 ἑαυτοὺς
1012 2868 1290 2938 ὑπέμενον
1346 2869 1475 2921 οὔτε
1528 2871 1790 2936 πολεμεῖν
1845 2867 1899 2931 ἐξ
