2032 3128
97 1076 152 1116 16

98 2494 155 2534 17

183 131 293 184 204
792 132 951 173 RATA
983 131 1264 175 ΑΠΙΩΝΟΣ

185 286 348 335 μενος
388 262 450 318 δὲ
487 265 597 318 ὑπὸ
637 274 748 318 τῶν
788 267 970 334 φίλων
1011 265 1254 334 διάδημα
1294 263 1500 335 ἐφόρει,
1542 261 1635 316 καὶ
1674 263 1873 333 ἀντῆρε

183 362 258 426 τῷ
307 352 547 425 ἀδελφῷ.
631 353 814 422 <101>
862 352 890 406 6
941 350 1002 406 δὲ
1048 333 1377 421 τεταγμένος
1423 349 1511 405 ἐπὶ
1558 361 1669 405 τῶν
1711 353 1875 422 ἱερῶν

183 450 277 511 τῆς
317 443 603 509 Αἰγύπτου
650 441 865 511 γράψας
910 444 1131 510 βιβλίον
1170 443 1376 508 ἔπεμψε
1421 447 1496 513 τῷ
1538 438 1733 513 Σέθςο,
1780 441 1876 508 δη-

184 534 296 582 λῶν
331 529 477 602 αὐτῷ
514 529 713 598 πάντα,
751 527 843 582 καὶ
883 529 967 581 ὅτι
999 529 1236 598 ἀντῆρεν
1269 527 1508 597 ἀδελφὸς
1546 528 1716 582 αὐτοῦ
1747 526 1877 594 ’Ἁρ-

184 603 325 682 μαῖς.
394 626 724 688 παραχρῆμα
764 612 867 670 οὖν
905 617 1249 687 ὑπέστρεψεν
1289 618 1366 679 εἰς
1405 611 1747 685 Πηλούσιον,
1785 614 1878 670 καὶ
1925 639 1946 672 5

184 705 446 774 ἐκράτησε
486 714 579 774 τῆς
620 706 765 767 ἰδίας
803 707 1099 773 βασιλείας.
1172 705 1204 772 ἡ
1247 701 1308 757 δὲ
1346 706 1497 774 χώρα
1529 704 1738 774 ἐκλήθη
1772 705 1877 758 ἀπὸ

184 802 285 848 τοῦ
332 795 504 847 αὐτοῦ
554 794 824 862 ὀνόματος
863 798 1171 861 Αἴγυπτος·
1222 793 1405 862 <102>
1448 791 1595 861 λέγει
1642 794 1747 862 γὰρ
1795 793 1879 846 ὅτι

186 883 214 936 ὁ
247 880 350 950 μὲν
381 882 582 944 Σέθως
613 881 857 936 ἐκαλεῖτο
890 886 1194 950 Αἴγυπτος,
1221 881 1452 950 ’Ἀρμαϊς
1485 878 1546 934 δὲ
1579 882 1608 935 6
1641 881 1880 951 ἀδελφὸς

186 971 359 1024 αὐτοῦ
397 970 658 1033 Δαναόςῖ

296 1060 478 1128 <103>
518 1067 689 1112 ταῦτα
735 1057 837 1128 μὲν
885 1059 914 1113 6
955 1061 1263 1126 Μανεθών,
1313 1061 1486 1128 δῆλον
1535 1055 1582 1112 δ’
1624 1058 1773 1114 ἐστὶν
1821 1059 1879 1112 ἐκ
1904 1081 1947 1114 ιο

185 1158 296 1201 τῶν
343 1147 650 1218 εἰρημένων
691 1146 828 1201 ἐτῶν
874 1156 974 1202 τοῦ
1025 1151 1232 1218 χρόνου
1282 1147 1750 1216 συλλογισθέντος
1796 1148 1882 1201 ὅτι

186 1238 244 1289 οἱ
286 1239 618 1306 καλούμενοι
663 1235 946 1306 ποιμένες,
991 1236 1248 1308 ἡμέτεροι
1289 1234 1349 1290 δὲ
1395 1239 1690 1306 πρόγονοι,
1735 1235 1883 1307 τρισὶ

185 1323 276 1378 καὶ
318 1325 649 1394 ἐνενήκοντα
689 1323 780 1378 καὶ
818 1329 1156 1396 τριακοσίοις
1193 1329 1446 1396 πρόσθεν
1477 1328 1658 1379 ἔτεσιν
1691 1325 1749 1379 ἐκ
1787 1332 1884 1394 τῆς

184 1416 476 1483 Αἰγύπτου
523 1414 929 1483 ἀπαλλαγέντες
973 1416 1076 1484 τὴν
1121 1416 1310 1486 χώραν
1348 1416 1554 1483 ταύτην
1594 1413 1883 1486 ἐπῴκησαν

186 1503 219 1571 ἢ
253 1505 482 1556 Δαναὸν
514 1505 593 1566 εἰς
623 1502 825 1573 ’Ἀργος
856 1503 1171 1574 ἀφικέσθαι.
1223 1507 1403 1558 καίτοι
1433 1511 1632 1559 τοῦτον
1661 1503 1884 1574 ἀρχαιό-
1908 1524 1952 1558 15

185 1612 352 1646 τατον
384 1591 624 1662 Ἀργεῖοι
663 1595 966 1662 νομίζουσι.
1043 1593 1226 1663 <1Ο4>
1266 1594 1370 1647 δύο
1402 1596 1597 1646 τοίνυν
1631 1593 1660 1646 6
1691 1596 1883 1646 Μανε-

185 1682 309 1734 θὼν
371 1680 505 1749 ἡμῖν
565 1681 632 1733 τὰ
694 1678 921 1750 μέγιστα
984 1683 1405 1752 μεμαρτύρηκεν
1464 1681 1523 1734 ἐκ
1584 1691 1696 1735 τῶν
1750 1679 1876 1750 παρ’

185 1772 514 1837 Αἰγυπτίοις
574 1770 939 1838 γραμμάτων,
998 1780 1220 1840 πρῶτον
1282 1767 1384 1839 μὲν
1446 1772 1547 1839 τὴν
1609 1769 1884 1839 ἑτέρωθεν

185 1859 374 1927 ἄφιξιν
407 1860 484 1921 εἰς
514 1862 822 1927 Αἴγυπτον,
863 1861 1047 1912 ἔπειτα
1084 1855 1145 1911 δὲ
1177 1860 1280 1928 τὴν
1312 1859 1529 1912 ἐκεῖθεν
1559 1857 1884 1928 ἀπαλλαγὴν

186 1948 362 2010 οὕτως
407 1947 642 2018 ἀρχαίαν
681 1958 797 2010 τοῖς
843 1950 1064 2018 χρόνοις
1112 1949 1185 2011 ὡς
1231 1947 1394 2016 ἐγγύς
1439 1967 1548 2002 που
1595 1957 1884 2019 προτερεῖν
1909 1969 1954 2001 20

186 2036 359 2104 αὐτὴν
399 2045 511 2088 τῶν
544 2034 797 2089 Ἰλιακῶν
835 2039 977 2089 ἔτεσι
1017 2040 1228 2107 χιλίοις.
1308 2035 1490 2105 <105>
1530 2033 1668 2106 ὑπὲρ
1710 2032 1789 2089 ὧν
1829 2032 1879 2089 δ’

186 2124 216 2178 ὁ
255 2125 548 2178 Μανεθὼν
589 2124 690 2178 οὐκ
734 2124 794 2178 ἐκ
831 2134 943 2178 τῶν
987 2123 1114 2193 παρ’
1156 2127 1485 2194 Αἰγυπτίοις
1531 2125 1885 2196 γραμμάτων,

187 2210 306 2266 ἀλλ’
349 2214 421 2275 ὡς
460 2212 622 2275 αὐτὸς
670 2213 1044 2282 ὡμολόγηκεν,
1093 2213 1153 2267 ἐκ
1191 2223 1301 2267 τῶν
1342 2214 1659 2277 ἀδεσπότως
1706 2219 1885 2282 μυθο-

186 2301 547 2371 λογουμένων
614 2301 1036 2371 προστέθεικεν,
1104 2303 1341 2373 ὕστερον
1413 2302 1671 2371 ἐξελέγξω
1747 2303 1885 2355 κατὰ

187 2389 378 2461 μέρος,
425 2390 756 2453 ἀποδεικνὺς
802 2392 904 2460 τὴν
945 2391 1228 2445 ἀπίθανον
1272 2393 1446 2445 αὐτοῦ
1491 2393 1884 2460 ψευδολογίαν.
1909 2409 1955 2445 25

301 2479 483 2549 <106>
521 2480 796 2549 βούλομαι
835 2483 1029 2533 τοίνυν
1068 2481 1173 2534 ἀπὸ
1213 2482 1428 2534 τούτων
1468 2483 1547 2534 ἔτι
1594 2485 1885 2548 μετελθεῖν

187 2566 272 2621 ἐπὶ
321 2570 387 2622 τὰ
434 2569 583 2637 παρὰ
629 2578 746 2631 τοῖς
795 2569 1051 2633 Φοίνιξιν
1098 2567 1559 2640 ἀναγεγραμμένα
1612 2567 1738 2638 περὶ
1784 2577 1884 2623 τοῦ

186 2655 388 2725 γένους
418 2657 595 2727 ἡμῶν,
629 2655 720 2711 καὶ
752 2658 848 2721 τὰς
880 2657 934 2722 ἐξ
967 2657 1197 2712 ἐκείνων
1230 2661 1534 2729 μαρτυρίας
1564 2665 1884 2728 παρασχεῖν.

186 2746 370 2813 <107>
413 2749 528 2799 ἔστι
567 2749 763 2800 τοίνυν
795 2748 942 2816 παρὰ
975 2750 1197 2816 Τυρίοις
1236 2747 1342 2801 ἀπὸ
1375 2749 1715 2816 παμπόλλων
1747 2746 1885 2799 ἐτῶν

187 2835 494 2904 γράμματα,
537 2837 775 2907 δημοσίᾳ
814 2835 1164 2906 γεγραμμένα
1203 2835 1295 2890 καὶ
1330 2834 1726 2906 πεφυλαγμένοι
1759 2838 1886 2888 λίαν
1909 2855 1953 2887 30

187 2921 480 2992 ἐπιμελῶς,
529 2923 654 2993 περὶ
702 2933 813 2978 τῶν
859 2924 985 2996 παρ’
1023 2926 1210 2988 αὐτοῖς
1256 2924 1572 2995 γενομένων
1611 2922 1703 2978 καὶ
1749 2925 1886 2994 πρὸς
