2032 3128
695 111 906 152 ΛΟΓΟΣ
936 110 1225 152 ΕΒΔΟΜΟΣ
1697 103 1799 156 157

120 244 318 306 πάντες
357 241 659 311 ἀπέθανον,
699 243 878 310 <215>
918 241 1009 295 καὶ
1049 242 1077 295 ὁ
1120 242 1419 310 στρατηγὸς
1451 239 1633 292 αὐτῶν
1662 236 1802 290 Ἰού-

121 332 220 392 δας
257 331 287 384 ὁ
326 339 426 384 τοῦ
460 329 572 400 Ἀρὶ
611 340 764 399 παῖς,
807 329 930 399 περὶ
970 325 1038 383 οὗ
1076 332 1347 399 πρότερον
1386 329 1680 397 εἰρήκαμεν
1720 326 1803 378 ὅτι

121 412 321 476 τάξεως
373 417 675 481 ἡγούμενός
721 438 871 481 τινος
917 417 976 471 ἐν
1023 426 1086 487 τῇ
1139 420 1430 488 πολιορκίᾳ
1482 425 1594 468 τῶν
1638 412 1803 483 Ἱερο-

0 482 2 552 >
123 501 382 568 σολύμων
435 501 573 553 κατά
633 521 786 563 τινας
840 507 1035 563 διαδὺς
1087 512 1197 553 τῶν
1251 500 1548 568 ὑπονόμων
1603 505 1805 556 ἔλαθεν

78 612 99 644 5
123 587 379 654 ἀποδράς.

233 677 413 745 <216>
452 675 573 744 περὶ
619 674 678 730 δὲ
717 678 814 729 τὸν
850 677 1020 730 αὐτὸν
1058 677 1252 743 καιρὸν
1284 674 1555 728 ἐπέστειλε
1587 677 1802 742 Καῖσαρ
1838 688 1863 727 6

120 765 322 837 Βάσσῳ
362 762 452 817 καὶ
488 767 745 835 Λαβερίῳ
778 763 1017 835 Μαξίμῳ
1058 759 1245 833 (οὗτος
1283 760 1332 816 δ’
1365 759 1436 832 ἧν
1476 760 1806 832 ἐπίτροπος),

120 852 363 903 κελεύων
400 858 583 902 πᾶσαν
622 858 727 918 γῆν
761 851 1074 904 ἀποδόσθαι
1113 860 1223 904 τῶν
1257 849 1560 904 Ἰουδαίων.
1624 850 1806 919 <217>

122 937 191 991 οὐ
236 939 340 1006 γὰρ
383 936 686 1010 κατῴκισεν
725 938 839 992 ἐκεῖ
879 941 1060 1007 πόλιν,
1108 941 1256 992 ι’δίαν
1295 939 1441 1010 αὑτῷ
1482 941 1583 1008 τὴν
1621 940 1806 1008 χώραν

56 1049 98 1081 10
122 1027 434 1095 φυλάττων,
489 1026 831 1089 ὀκτακοσίοις
884 1024 946 1080 δὲ
999 1030 1191 1095 μόνοις
1244 1027 1351 1081 ἀπὸ
1405 1036 1500 1096 τῆς
1554 1034 1808 1095 στρατιᾶς

123 1113 500 1184 διαφειμένοις
537 1117 743 1185 χωρίον
777 1117 982 1168 ἔδωκεν
1015 1117 1094 1178 εἰς
1124 1118 1458 1184 κατοίκησιν,
1501 1115 1529 1168 ὃ
1562 1119 1806 1168 καλεῖται

121 1200 222 1271 μὲν
267 1207 559 1272 Αμμαοῦς,
609 1202 797 1273 ἀπέχει
846 1201 907 1257 δὲ
953 1213 1064 1257 τῶν
1104 1203 1500 1274 Ἱεροσολύμων
1548 1205 1806 1266 σταδίους

119 1293 428 1361 τριάκοντα.
512 1292 695 1362 <218>
750 1295 932 1361 φόρον
986 1290 1045 1345 δὲ
1099 1302 1214 1355 τοῖς
1266 1290 1603 1360 ὁπουδήποτ’
1645 1287 1806 1346 οὖσιν

111 1380 407 1444 Ἰουδαίοις
445 1379 690 1450 ἐπέβαλε,
731 1382 833 1435 δύο
867 1382 1111 1451 δραχμὰς
1150 1380 1379 1435 ἕκαστον
1409 1381 1670 1443 κελεύσας
1702 1379 1806 1433 ἀνὰ

53 1490 97 1522 15
120 1478 231 1523 πᾶν
270 1472 387 1532 ἔτος
433 1471 510 1532 εἰς
552 1471 612 1523 τὸ
652 1472 1010 1524 Καπετώλιον
1050 1469 1260 1539 φέρειν,
1308 1471 1491 1539 ὥσπερ
1536 1472 1806 1539 πρότερον

120 1559 199 1621 εἰς
236 1560 335 1612 τὸν
376 1557 435 1610 ἐν
468 1556 870 1627 Ἱεροσολύμοις
908 1559 1052 1612 νεὼν
1093 1558 1439 1612 συνετέλουν.

230 1647 412 1715 <219>
463 1645 553 1699 καὶ
607 1648 673 1700 τὰ
727 1644 827 1716 μὲν
875 1645 1163 1701 Ἰουδαίων
1212 1650 1334 1700 τότε
1388 1647 1649 1715 τοιαύτην
1696 1643 1804 1716 εἶχε
1833 1649 1861 1700 7

119 1735 472 1803 κατάστασιν,
510 1736 616 1804 ἤδη
658 1730 708 1788 δ’
735 1738 854 1798 ε”τος
883 1734 1143 1806 τέταρτον
1170 1734 1556 1789 ’ὅεσπασιανοῦ
1589 1735 1806 1789 διέπον-

117 1843 211 1886 τος
241 1825 342 1892 τὴν
365 1823 668 1892 ἡγεμονίαν
698 1823 903 1893 συνέβη
935 1826 1032 1878 τὸν
1057 1823 1285 1894 βασιλέα
1315 1832 1411 1894 τῆς
1434 1827 1807 1893 Κομμαγηνῆς

10 1937 14 1939 ·
51 1932 95 1964 20
114 1908 396 1980 Ἀντίοχον
429 1913 703 1981 μεγάλαις
751 1923 1063 1982 συμφοραῖς
1115 1915 1438 1984 πανοικεσίᾳ
1490 1921 1805 1981 περιπεσεῖν

117 2000 224 2054 ἀπὸ
263 2002 519 2070 τοιαύτης
557 2003 746 2064 αἰτίας.
819 2003 1000 2071 <22Ο>
1023 2001 1368 2065 ,Καισέννιος
1398 2006 1606 2063 Παῖτος
1645 2001 1674 2054 ὁ
1713 2008 1808 2069 τῆς

117 2092 331 2158 Συρίας
376 2090 592 2158 ἡγεμὼν
641 2093 762 2144 τότε
809 2092 1183 2159 καθεστηκώς,
1232 2089 1330 2144 εἴτ’
1364 2086 1467 2144 οὗν
1511 2090 1805 2159 ἀληθεύων

116 2182 224 2230 εἴτε
272 2176 363 2230 καὶ
411 2180 503 2231 διὰ
548 2180 650 2247 τὴν
696 2181 833 2249 πρὸς
872 2177 1154 2249 Ἀντίοχον
1194 2180 1402 2249 ἔχθραν
1449 2178 1542 2250 (οὐ
1589 2179 1806 2247 σφόδρα

117 2267 221 2336 γὰρ
261 2268 322 2319 τὸ
364 2264 534 2337 σαφὲς
571 2266 862 2339 ἠλέγχθη),
903 2268 1190 2337 γράμματα
1227 2269 1365 2339 πρὸς
1400 2270 1654 2337 Καίσαρα
1694 2268 1803 2320 διε-

51 2374 93 2406 25
117 2354 384 2424 πέμψατο,
423 2356 604 2424 <221>
645 2355 822 2424 λέγων
853 2359 952 2410 τὸν
982 2354 1265 2427 Ἀντίοχον
1298 2358 1431 2426 μετὰ
1469 2364 1569 2410 τοῦ
1608 2357 1806 2418 παιδὸς

112 2438 446 2514 Ἐπιφανοῦς
486 2445 845 2513 διεγνωκέναι
875 2443 1155 2514 Ῥωμαίων
1193 2445 1554 2514 ἀφίστασθαι,
1594 2447 1805 2514 συνθή-

116 2553 216 2595 κας
275 2535 411 2602 πρὸς
471 2536 569 2587 τὸν
630 2533 859 2603 βασιλέα
919 2543 1030 2587 τῶν
1091 2535 1346 2605 Πάρθων
1407 2532 1803 2602 πεποιημένον·

116 2622 296 2690 (222)
338 2623 457 2675 δεῖν
497 2618 600 2676 οὗν
638 2626 1075 2692 προκαταλαβεῖν
1113 2623 1333 2690 αὐτούς,
1373 2624 1446 2691 μὴ
1486 2622 1806 2691 φθάσαντες

116 2719 228 2772 τῶν
265 2711 602 2780 πραγμάτων
641 2710 915 2781 ἄρξασθαι
957 2719 1141 2764 πᾶσαν
1178 2711 1280 2779 τὴν
1310 2709 1591 2780 Ῥωμαίων
1631 2710 1806 2781 ἀρχὴν

51 2814 96 2848 30
120 2797 341 2871 πολέμῳ
382 2799 813 2870 συνταράξωσιν.
891 2800 1072 2869 <223>
1110 2801 1298 2869 ἔμελλε
1340 2796 1400 2852 δὲ
1441 2802 1656 2868 Καῖσαρ
1696 2819 1806 2854 τοι-

120 2888 289 2940 ούτου
342 2889 660 2958 μηνύματος
714 2889 861 2961 αὐτῷ
923 2891 1333 2959 προσπεσόντος
1389 2888 1460 2958 μὴ
1515 2896 1806 2959 περιορᾶν·
