2032 3128
239 80 306 132 15
664 82 788 125 Tor
818 82 1158 125 ΙοΤΔΑῙΚοΤ
1189 83 1498 125 ΠΟΛΕΜΟΥ

236 216 293 268 οἱ
322 213 581 268 Ἰουδαῖοι
621 212 779 284 μέχρι
817 224 927 268 τῶν
957 213 1179 284 Ἑλένης
1218 218 1498 284 μνημείων
1529 217 1747 270 εἵποντο
1780 217 1911 285 βάλ-

236 307 436 364 λοντες.

347 391 529 458 <120>
571 389 747 443 ἔπειθ’
793 394 850 445 οἳ
884 388 985 460 μὲν
1025 390 1395 460 ἀπειροκάλως
1434 391 1805 460 ἐξυβρίζοντες
1835 394 1914 456 εἰς

234 480 335 547 τὴν
374 480 544 548 τύχην
592 481 869 533 ἔσκωπτόν
917 499 971 532 τε
1018 482 1147 541 τοὺς
1179 477 1471 548 Ῥωμαίους
1519 479 1915 544 δελεασθέντας

235 568 436 637 ἀπάτῃ,
485 566 574 620 καὶ
622 570 750 630 τοὺς
795 571 1038 637 θυρεοὺς
1088 567 1435 631 ἀνασείοντες
1486 568 1775 637 ἐσκίρτων,
1823 566 1914 622 καὶ

235 657 367 724 μετὰ
406 663 575 725 χαρᾶς
607 655 870 724 ἀνεβόων.
933 657 1114 724 <121>
1153 658 1283 719 τοὺς
1315 654 1375 709 δὲ
1407 658 1736 726 στρατιώτας
1767 655 1917 709 ἀπει-

235 747 302 812 λή
341 764 399 797 τε
436 755 547 798 τῶν
586 743 891 814 ταξιάρχων
929 743 1020 798 καὶ
1062 747 1409 815 χαλεπαίνων
1449 747 1664 813 Καῖσαρ
1704 745 1918 807 τούτοις

233 831 524 903 ἐξεδέχετο,
564 833 795 902 φάσκων
834 834 907 895 ὡς
938 830 1199 886 Ἰουδαῖοι
1239 832 1356 902 μέν,
1397 826 1479 896 οἷς
1511 832 1744 886 ἀπόνοια
1776 835 1917 902 μόνη

234 930 547 991 στρατηγεῖ,
597 921 775 974 πάντα
826 922 958 989 μετὰ
1007 924 1273 989 προνοίας
1317 922 1616 990 πράττουσι
1662 919 1752 974 καὶ
1799 919 1918 974 σκέ-

235 1018 403 1077 ψεως,
453 1009 746 1078 ἐπιβουλάς
784 1029 841 1062 τε
891 1010 1282 1072 συντάττοντες
1326 1007 1417 1062 καὶ
1467 1012 1686 1078 λόχους,
1735 1007 1918 1062 ἕπεται

232 1095 283 1150 δ’
322 1098 508 1151 αὐτῶν
548 1107 665 1160 ταῖς
705 1096 955 1167 ἐνέδραις
986 1096 1076 1151 καὶ
1107 1099 1240 1167 τύχη
1276 1099 1367 1150 διὰ
1399 1099 1460 1151 τὸ
1501 1100 1797 1164 πειθήνιον
1827 1095 1920 1150 καὶ

232 1187 334 1255 τὴν
372 1189 508 1257 πρὸς
549 1186 820 1254 ἀλλήλους
858 1186 1084 1239 εὔνοιάν
1123 1206 1179 1239 τε
1218 1184 1308 1239 καὶ
1346 1190 1547 1239 πίστιν.
1587 1185 1767 1253 <122>
1800 1184 1919 1238 Ῥω-

235 1285 387 1343 μαῖοι
429 1273 502 1343 δ’,
545 1268 628 1338 οἷς
669 1272 740 1327 δι’
785 1274 1039 1338 εὐταξίαν
1078 1273 1170 1327 καὶ
1208 1276 1269 1328 τὸ
1308 1276 1446 1345 πρὸς
1483 1276 1611 1336 τοὺς
1649 1274 1921 1342 ἡγεμόνας

233 1361 488 1427 εὐπειθὲς
520 1362 606 1416 ἀεὶ
638 1364 892 1417 δουλεύει
923 1362 1014 1416 καὶ
1046 1365 1200 1433 τύχη,
1231 1370 1337 1416 νῦν
1371 1363 1476 1416 ὑπὸ
1509 1371 1620 1416 τῶν
1653 1362 1921 1416 ἐναντίων

231 1456 487 1505 πταίουσι
528 1449 619 1504 καὶ
661 1452 752 1504 διὰ
784 1461 983 1522 χειρῶν
1015 1451 1283 1520 ἀκρασίαν
1316 1450 1652 1520 ἁλίσκονται,
1690 1452 1751 1505 τὸ
1783 1451 1918 1504 πάν-

233 1561 343 1593 των
376 1546 678 1609 αἴσχιστον,
718 1540 1117 1610 ἀστρατήγητοι
1149 1542 1448 1610 μαχόμενοι
1478 1543 1753 1611 παρόντος
1784 1543 1920 1594 Καί-

235 1643 414 1697 σαρος.
492 1629 676 1698 <123>
726 1624 759 1697 ἦ
806 1630 1013 1698 μεγάλα
1053 1626 1154 1698 μὲν
1195 1628 1475 1693 στενάξειν
1515 1631 1619 1698 ἔφη
1658 1631 1788 1692 τοὺς
1824 1637 1922 1697 τῆς

229 1721 511 1787 στρατείας
551 1721 777 1787 νόμους,
817 1719 1026 1787 μεγάλα
1066 1716 1114 1771 δ’
1162 1719 1335 1772 αὑτοῦ
1374 1719 1472 1771 τὸν
1512 1716 1718 1787 πατέρα
1756 1719 1921 1786 τήνδε

231 1808 331 1875 τὴν
363 1808 581 1875 πληγὴν
612 1809 960 1876 πυθόμενον,
1016 1806 1198 1876 <124>
1245 1812 1301 1860 εἴ
1354 1805 1403 1875 γ’
1452 1806 1480 1859 ὃ
1515 1804 1615 1875 μὲν
1656 1806 1716 1859 ἐν
1762 1804 1922 1860 πολέ-

232 1915 354 1964 μοις
392 1896 635 1966 γηράσας
680 1895 945 1949 οὐδέποτε
993 1898 1248 1949 ἔπταισεν
1297 1896 1496 1964 οὕτως,
1554 1896 1612 1949 οἱ
1654 1897 1818 1964 νόμοι
1865 1894 1914 1948 δ’

228 1982 313 2036 ἀεὶ
373 1982 464 2036 καὶ
520 1987 649 2047 τοὺς
703 1986 880 2055 βραχύ
938 2004 989 2038 τι
1043 1992 1139 2053 τῆς
1189 1983 1390 2048 τάξεως
1443 1984 1922 2053 παρακινήσαντας

231 2073 460 2145 θανάτῳ
515 2074 836 2143 κολάζουσι,
906 2082 1012 2128 νῦν
1064 2069 1114 2126 δ’
1167 2073 1303 2142 ὅλην
1351 2074 1614 2143 στρατιὰν
1663 2071 1921 2141 ἑοράκασι

228 2161 576 2230 λιποτάκτην.
661 2163 842 2231 <125>
891 2163 1215 2230 γνώσεσθαί
1263 2182 1325 2230 γε
1381 2164 1488 2231 μὴν
1545 2163 1740 2215 αὐτίκα
1793 2164 1923 2224 τοὺς

228 2248 790 2319 ἀπαυθαδισαμένους
845 2251 928 2304 ὅτι
983 2249 1075 2304 καὶ
1125 2253 1185 2305 τὸ
1237 2260 1399 2304 νικᾶν
1450 2252 1597 2321 παρὰ
1640 2249 1923 2319 Ῥωμαίοις

231 2339 357 2408 δίχα
410 2338 860 2408 παραγγέλματος
913 2339 1202 2404 ἀδοξεῖται,
1290 2341 1473 2409 <126>
1524 2347 1750 2393 τοιαῦτα
1805 2341 1921 2392 δια-

227 2426 546 2495 τεινάμενος
594 2429 731 2496 πρὸς
777 2431 908 2491 τοὺς
954 2428 1227 2498 ἡγεμόνας
1275 2430 1442 2496 δῆλος
1488 2424 1559 2496 ἦν
1605 2428 1739 2480 κατὰ
1785 2428 1921 2480 πάν-

228 2534 340 2567 των
380 2519 685 2585 χρήσεσθαι
723 2525 797 2588 τῷ
837 2520 1006 2590 νόμω.
1077 2516 1170 2571 καὶ
1208 2521 1266 2571 οἳ
1301 2514 1403 2585 μὲν
1441 2519 1789 2584 παρείθησαν
1828 2518 1924 2579 τὰς

225 2605 406 2672 ψυχὰς
460 2605 533 2667 ὡς
587 2605 722 2658 ὅσον
777 2606 929 2658 οὔπω
980 2605 1377 2674 τεθνηξόμενοι
1429 2606 1674 2667 δικαίως·
1737 2605 1922 2673 <127>

225 2692 596 2761 περιχυθέντα
652 2690 713 2746 δὲ
766 2694 832 2746 τά
885 2694 1128 2763 τάγματα
1174 2702 1249 2766 τῷ
1304 2697 1445 2767 Τίτῳ
1492 2693 1619 2761 περὶ
1666 2703 1777 2747 τῶν
1825 2708 1921 2747 συ-

228 2790 573 2849 στρατιωτῶν
622 2780 851 2849 ίκέτευε,
906 2781 997 2835 καὶ
1043 2784 1145 2850 τὴν
1193 2783 1398 2851 ὀλίγων
1444 2781 1776 2851 προπέτειαν
1824 2802 1919 2851 χα-

226 2871 490 2938 ρίσασθαι
529 2878 593 2940 τῇ
633 2870 856 2924 πάντων
895 2871 1184 2943 εὐπειθείᾳ
1214 2873 1670 2939 κατηντιβόλουν·
1717 2870 1920 2939 ἀναλή-

1943 1035 1986 1067 10

1945 1475 1987 1508 15

1946 1919 1989 1951 20

1946 2360 1991 2393 25

1944 2803 1989 2836 80
