2032 3128
214 96 320 148 184
637 99 762 141 ΤΟΤ
790 99 1133 142 IOTAAIKOT
1160 100 1468 142 ΠΟΛΕΜΟΥ

125 247 189 297 11
322 245 501 313 <437>
541 246 718 313 ἥψατο
759 243 821 299 δὲ
858 245 948 299 καὶ
986 255 1098 300 τῶν
1135 245 1261 317 περὶ
1300 250 1565 317 Κυρήνην
1603 250 1818 302 πόλεων
1856 249 1890 317 ἡ

210 342 321 385 τῶν
361 336 623 402 σικαρίων
663 333 896 387 ἀπόνοια
935 335 1184 405 καθάπερ
1232 337 1412 398 νόσος.
1488 336 1668 405 (438)
1708 337 1892 390 διαπε-

212 422 325 475 σὼν
365 422 468 491 γὰρ
516 423 594 484 εἰς
641 422 813 489 αὐτὴν
847 420 1136 491 Ἰωνάθης,
1182 426 1556 492 πονηρότατος
1597 425 1894 493 ἄνθρωπος

194 508 300 568 ,καὶ
348 512 449 577 τὴν
493 508 693 578 τέχνην
747 509 1018 579 ὑφάντης,
1075 511 1177 564 οὐκ
1230 498 1454 579 ὀλίγους
1506 521 1617 565 τῶν
1672 512 1894 581 ἀπόρων

211 596 462 650 ἀνέπεισε
501 595 791 666 προσέχειν
830 597 1003 669 αὐτῷ,
1043 597 1135 651 καὶ
1173 601 1487 667 προήγαγεν
1526 601 1603 661 εἰς
1640 601 1740 667 τὴν
1774 602 1893 666 ἕρη-
1939 622 1960 654 5

211 705 336 755 μον,
376 695 572 754 σημεῖα
595 683 687 738 καὶ
710 686 967 754 φάσματα
993 686 1194 750 δείξειν
1218 687 1670 754 ὑπισχνούμενος.
1714 686 1894 754 <439>

210 773 302 827 καὶ
340 777 469 836 τοὺς
515 770 618 842 μὲν
664 775 866 835 ἄλλους
913 774 1187 826 ἐλάνθανε
1210 781 1395 826 ταῦτα
1436 774 1898 843 διαπραττόμενος

210 860 302 916 καὶ
348 855 700 932 φενακίζων,
730 861 789 914 οἱ
830 857 892 913 δὲ
938 870 1054 924 τοῖς
1101 860 1367 930 ἀξιώμασι
1413 863 1747 931 προύχοντες
1784 871 1896 915 τῶν

213 949 301 1004 ἐπὶ
339 958 434 1018 τῆς
471 952 735 1019 Κυρήνης
766 947 1055 1002 Ἰουδαίων
1095 950 1196 1018 τὴν
1227 950 1420 1015 ἔξοδον
1459 950 1630 1003 αὐτοῦ
1668 949 1758 1004 καὶ
1796 969 1896 1003 πα·

212 1040 489 1107 ρασκευὴν
540 1045 614 1108 τςό
671 1045 765 1106 τῆς
817 1039 1197 1100 πενταπόλεως
1243 1041 1456 1107 Λιβύης
1506 1038 1736 1107 ἡγεμόνι
1782 1042 1896 1092 Κα-
1922 1064 1966 1095 10

211 1127 391 1198 τύλλῳ
442 1124 969 1195 προσαγγέλλουσιν.
1049 1126 1245 1194 <44Ο>
1299 1125 1328 1179 ὃ
1377 1124 1424 1179 δ’
1474 1125 1666 1189 ἱππέας
1710 1147 1767 1180 τε
1806 1126 1896 1181 καὶ

211 1217 405 1279 πεζοὺς
443 1214 769 1276 ἀποστείλας
815 1214 1019 1284 ῥᾳδίως
1058 1214 1354 1283 ἐκράτησεν
1394 1213 1631 1267 ἀόπλων.
1707 1217 1798 1269 καὶ
1835 1218 1898 1269 τὸ

213 1300 313 1372 μὲν
360 1302 529 1356 πλέον
577 1301 639 1355 ἐν
685 1300 875 1372 χερσὶν
922 1302 1194 1371 ἀπώλετο,
1247 1300 1393 1365 τινες
1444 1301 1505 1356 δὲ
1554 1302 1647 1356 καὶ
1698 1306 1899 1375 ζωγρη-

213 1389 406 1453 θέντες
455 1390 782 1461 ἀνήχθησαν
831 1393 968 1461 πρὸς
1017 1393 1115 1444 τὸν
1162 1393 1470 1445 Κάτυλλον.
1547 1392 1729 1460 <441>
1771 1393 1800 1446 ὁ
1843 1390 1892 1445 δ’

213 1480 433 1548 ἡγεμὼν
470 1487 569 1533 τοῦ
615 1480 990 1548 βουλεύματος
1029 1478 1297 1548 Ἰωνάθης
1346 1483 1467 1533 τότε
1514 1478 1614 1550 μὲν
1654 1479 1900 1551 διέφυγε,
1926 1506 1969 1539 15

211 1571 417 1636 πολλῆς
464 1565 525 1620 δὲ
570 1566 660 1620 καὶ
707 1571 833 1621 λίαν
874 1567 1165 1637 ἐπιμελοῦς
1212 1568 1317 1622 ἀνὰ
1355 1577 1537 1622 πᾶσαν
1575 1571 1678 1639 τὴν
1715 1571 1901 1640 χώραν
2031 1557 2032 1571 ³

215 1658 481 1725 ζητήσεως
517 1656 849 1725 γιγνομένης
886 1658 1021 1727 ἥλω,
1059 1656 1150 1710 καὶ
1189 1660 1326 1729 πρὸς
1365 1660 1462 1711 τὸν
1492 1658 1735 1727 ἡγεμόνα
1770 1658 1901 1712 ἀνα-

211 1744 366 1815 χθεὶς
406 1743 580 1816 ἑαυτῷ
631 1742 733 1814 μὲν
780 1744 1086 1815 ἐμηχανᾶτο
1126 1754 1220 1816 τῆς
1261 1749 1523 1815 τιμωρίας
1562 1746 1902 1816 ἀπαλλαγήν,

211 1841 285 1905 τςό
326 1835 597 1906 Κατύλλῳ
639 1832 687 1886 δ’
729 1836 933 1887 ἔδωκεν
974 1833 1230 1904 ἀφορμὴν
1275 1834 1640 1904 ἀδικημάτων.
1716 1835 1900 1903 <442>

213 1921 241 1974 ὃ
289 1919 544 1992 μὲνγὰρ
595 1925 725 1985 τοὺς
774 1923 1220 1986 πλουσιωτάτους
1265 1933 1376 1977 τῶν
1415 1921 1704 1977 Ἰουδαίων
1751 1926 1900 1993 ἔλεγε
1926 1950 1970 1983 20

211 2012 692 2080 καταψευδόμενος
747 2012 1115 2075 διδασκάλους
1168 2012 1315 2084 αὐτῷ
1369 2021 1469 2066 τοῦ
1528 2013 1902 2082 βουλεύματος

153 2114 178 2151 2
213 2097 523 2168 γεγονέναι·
589 2100 771 2168 <443>
810 2102 1116 2171 προθύμως
1155 2098 1216 2154 δὲ
1255 2102 1350 2164 τὰς
1390 2102 1654 2170 διαβολὰς
1693 2101 1902 2164 ἐκεῖνος

215 2187 512 2259 ἐξεδέχετο,
559 2187 650 2242 καὶ
696 2196 770 2261 τῷ
818 2190 1094 2260 πράγματι
1139 2193 1318 2244 πολὺν
1365 2192 1534 2259 ὄγκον
1579 2194 1901 2261 περιετίθει,

213 2277 422 2345 μεγάλα
459 2279 935 2351 προστραγῳδῶν,
981 2279 1075 2332 ἵνα
1115 2280 1182 2347 δὴ
1224 2278 1398 2343 δόξειε
1438 2277 1529 2332 καὶ
1568 2279 1733 2343 αὐτὸς
1764 2277 1900 2333 Ἰου-

214 2366 409 2419 δαϊκόν
447 2386 569 2419 τινα
607 2369 849 2435 πόλεμον
886 2366 1329 2438 κατωρθωκέναι.
1405 2367 1586 2437 <444>
1625 2370 1687 2422 τὸ
1728 2365 1789 2421 δὲ
1829 2370 1898 2437 δὴ
1924 2392 1968 2424 25
2009 2381 2016 2431 ζ’

210 2456 411 2509 τούτου
458 2457 864 2525 χαλεπώτερον,
918 2458 1055 2526 πρὸς
1100 2457 1204 2526 γὰρ
1251 2464 1326 2528 τῷ
1378 2458 1657 2510 πιστεύειν
1696 2456 1901 2528 ῥᾳδίως
1984 2479 1986 2482 ·

212 2545 290 2597 ἔτι
327 2542 419 2597 καὶ
460 2544 789 2607 διδάσκαλος
826 2540 896 2613 ἦν
936 2554 1046 2598 τῶν
1082 2548 1347 2615 σικαρίων
1385 2552 1480 2613 τῆς
1517 2546 1898 2614 ψευδολογίας.

210 2633 471 2696 κελεύσας
523 2640 664 2701 γοῦν
717 2633 886 2686 αὐτὸν
942 2634 1212 2703 ὀνομάσαι
1265 2634 1388 2686 τινὰ
1442 2642 1554 2686 τῶν
1610 2631 1898 2687 Ἰουδαίων

202 2717 586 2791 Ἀλέξανδρον,
631 2720 811 2790 <445>
859 2716 901 2793 ᾧ
947 2722 1114 2775 πάλαι
1161 2723 1615 2794 προσκεκρουκὼς
1653 2724 1897 2793 φανερὸν

211 2807 520 2880 ἐξενηνόχει
558 2811 618 2862 τὸ
659 2819 841 2878 μῖσος,
893 2811 995 2878 τήν
1032 2830 1090 2863 τε
1130 2819 1365 2878 γυναῖκα
1401 2811 1503 2878 τὴν
1544 2810 1758 2864 ἐκείνου
1795 2814 1897 2864 Βε-
1922 2836 1967 2868 3ο

210 2900 435 2967 ρενίκην
481 2907 601 2961 ταῖς
647 2899 844 2960 αἰτίαις
891 2897 1290 2967 συνεμπλέξας,
1335 2899 1565 2962 τούτους
1611 2896 1712 2968 μὲν
1750 2909 1896 2969 πρῶ-

1822 2960 1927 3016 s
1979 3022 1982 3024 ,
