2032 3128
88 1038 141 1077 15

187 91 294 144 266
789 95 948 136 ΚΑΤΑ
981 95 1255 139 ΑΠΙΩΝΟΣ

184 226 368 297 μένων
406 229 607 296 φανείη
646 225 737 280 καὶ
769 228 862 280 διὰ
898 237 1006 280 τῶν
1044 231 1232 298 νόμων
1262 228 1394 298 ἡμῖν
1424 229 1868 299 προστεταγμένα

182 314 273 368 καὶ
296 317 641 385 πραττόμενα
671 317 804 384 μετὰ
828 317 1004 385 πάσης
1032 315 1311 386 ἀκριβείας
1334 312 1428 386 ὑφ’
1457 318 1623 386 ἡμῶν.
1685 318 1866 386 <15Ο>

183 405 235 456 εἰ
271 401 321 455 δ’
350 404 456 471 ἄρα
495 406 789 472 βιασθειήν
829 410 1146 473 μνησθῆναι
1185 414 1295 458 τῶν
1332 403 1457 472 παρ’
1491 403 1696 474 ἑτέροις
1738 407 1866 459 ὑπε-

180 494 415 554 ναντίως
445 491 879 561 νενομισμένων,
909 494 1110 546 τούτου
1144 495 1348 546 δίκαιοι
1380 495 1480 562 τὴν
1512 496 1692 547 αἰτίαν
1721 497 1866 563 ἔχειν

178 578 322 632 εἰσὶν
369 581 427 633 οἱ
467 580 533 632 τὰ
571 578 698 648 παρ’
731 580 863 649 ἡμῖν
903 582 976 644 ὡς
1021 584 1184 651 χείρω
1232 583 1607 652 παραβάλλειν
1648 582 1864 647 ἀξιοῦν·
1910 605 1932 637 5

178 688 276 731 τες.
361 661 444 731 οἷς
495 668 789 736 οὐδέτερον
839 669 1358 737 ἀπολειφθήσεσθαι
1408 673 1611 739 νομίζω
1665 669 1865 739 λέγειν,

179 754 304 810 οὔθ’
346 757 420 820 ὡς
474 755 597 826 οὐχὶ
651 759 883 821 τούτους
930 760 1125 827 ἔχομεν
1172 761 1301 821 τοὺς
1345 761 1579 827 νόμους,
1634 754 1711 811 ὧν
1758 759 1864 828 ἐγὼ

175 849 570 916 παραθήσομαι
617 849 746 909 τοὺς
792 847 1396 916 κεφαλαιωδεστάτους,
1451 844 1577 900 οὔθ’
1618 848 1690 910 ὡς
1741 846 1865 918 οὐχὶ

175 936 409 1004 μάλιστα
447 935 671 988 πάντων
712 934 1018 1005 ἐμμένομεν
1057 945 1173 998 τοῖς
1212 934 1422 989 ἑαυτῶν
1459 938 1663 1005 νόμοις.

287 1024 468 1092 <151>
516 1026 714 1094 μικρὸν
763 1020 865 1076 οὗν
913 1023 1206 1093 ἀναλαβὼν
1252 1026 1349 1077 τὸν
1396 1026 1565 1092 λόγον
1611 1022 1762 1078 τοῦτ’
1794 1024 1863 1077 ἂν
1888 1048 1931 1079 10

174 1119 382 1182 εἴποιμι
427 1121 665 1182 πρῶτον,
713 1112 796 1165 ὅτι
843 1121 954 1165 τῶν
993 1112 1212 1181 ἀνόμως
1258 1111 1348 1165 καὶ
1388 1112 1629 1175 ἀτάκτως
1674 1114 1864 1182 βιούν-

172 1222 284 1255 των
324 1203 383 1254 οἱ
416 1200 616 1265 τάξεως
654 1199 745 1254 καὶ
783 1204 960 1270 νόμου
999 1203 1295 1264 κοινωνίας
1333 1199 1670 1271 ἐπιθυμηταὶ
1709 1204 1864 1270 γενό-

173 1310 331 1360 μενοι
377 1287 468 1342 καὶ
519 1298 726 1359 πρῶτοι
780 1287 1143 1359 κατάρξαντες
1189 1291 1409 1353 εἰκότως
1457 1289 1527 1342 ἂν
1572 1289 1864 1361 ἡμερότητι

171 1378 263 1432 καὶ
309 1380 528 1449 φύσεως
578 1378 742 1448 ἀρετῇ
799 1380 1102 1447 διενεγκεῖν
1157 1383 1582 1449 μαρτυρηθεῖεν.
1665 1378 1863 1447 <152>

173 1466 358 1536 ἀμέλει
405 1476 703 1536 πειρῶνται
748 1468 814 1519 τὰ
861 1465 987 1537 παρ’
1029 1465 1244 1530 ἑαυτοῖς
1290 1466 1507 1520 ἔκαστοι
1558 1468 1694 1536 πρὸς
1738 1467 1863 1538 τάρ-
1888 1489 1931 1522 15
2016 1526 2021 1528 λ

172 1558 462 1625 χαιότατον
495 1554 743 1624 ἀνάγειν,
782 1556 875 1608 ἵνα
915 1556 988 1624 μὴ
1029 1561 1321 1625 μιμεῖσθαι
1361 1555 1597 1619 δόξωσιν
1630 1553 1866 1625 ἑτέρους,

170 1643 286 1696 ἀλλ’
350 1641 507 1696 αὐτοὶ
569 1650 668 1697 τοῦ
737 1646 833 1711 ζῆν
893 1646 1140 1712 νομίμως
1201 1645 1389 1706 ἄλλοις
1450 1644 1864 1713 ὑφηγήσασθαι.

171 1733 352 1802 <153>
393 1733 606 1786 τούτων
647 1729 708 1785 δὲ
754 1740 953 1786 τοῦτον
1002 1731 1242 1802 ἐχόντων
1280 1734 1378 1786 τὸν
1425 1735 1651 1800 τρόπον,
1698 1732 1863 1801 ἀρετὴ

170 1821 270 1891 μέν
318 1820 431 1874 ἐστι
477 1819 791 1889 νομοθέτου
839 1821 903 1872 τὰ
950 1819 1203 1889 βέλτιστα
1251 1822 1501 1874 συνιδεῖν
1547 1819 1637 1875 καὶ
1679 1830 1866 1875 πεῖσαι

169 1912 297 1972 τοὺς
357 1908 738 1979 χρησομένους
794 1907 918 1976 περὶ
979 1918 1090 1962 τῶν
1154 1904 1249 1962 ὑπ’
1303 1909 1476 1963 αὐτοῦ
1537 1908 1864 1979 τιθεμένων,
1889 1933 1932 1965 20

169 2002 422 2068 πλήθους
470 1995 531 2051 δὲ
570 2000 630 2051 τὸ
671 2005 804 2051 πᾶσι
844 2006 958 2060 τοῖς
1008 1996 1236 2061 δόξασιν
1278 1997 1554 2068 ἐμμεῖναι,
1601 1997 1692 2051 καὶ
1731 1997 1856 2068 μήτ’

170 2089 446 2157 εὐτυχίαις
492 2088 625 2154 μήτε
672 2095 983 2155 συμφοραῖς
1028 2086 1212 2139 αὐτῶν
1261 2083 1435 2155 μηδὲν
1486 2087 1865 2156 μεταβάλλειν.

169 2177 362 2245 <154>
423 2175 561 2246 φημὶ
625 2179 817 2229 τοίνυν
882 2178 979 2229 τὸν
1041 2174 1309 2246 ἡμέτερον
1375 2175 1691 2245 νομοθέτην
1752 2185 1864 2229 τῶν

169 2266 595 2334 ὁπουδηποτοῦν
654 2263 1158 2334 μνημονευομένων
1211 2270 1538 2334 νομοθετῶν
1598 2266 1865 2333 προάγειν

168 2354 499 2424 ἀρχαιότητι.
575 2356 897 2425 Λυκοῦργοι
944 2355 1048 2422 γὰρ
1096 2352 1188 2407 καὶ
1229 2357 1487 2417 Σόλωνες
1524 2353 1614 2407 καὶ
1657 2354 1864 2407 Ζάλευ-
1888 2375 1930 2408 25

167 2464 264 2507 κος
303 2443 331 2497 ὁ
371 2451 483 2495 τῶν
522 2445 759 2509 Λοκρῶν
799 2441 889 2495 καὶ
929 2443 1130 2506 πάντες
1168 2444 1227 2496 oc
1265 2445 1679 2512 θαυμαζόμενοι
1717 2444 1865 2511 παρὰ

168 2542 281 2595 τοῖς
320 2530 587 2601 ’”Ἐλλησιν
635 2528 795 2601 ἐχθὲς
842 2532 909 2600 δὴ
957 2529 1049 2584 καὶ
1095 2529 1289 2603 πρῴην
1337 2532 1411 2595 ὡς
1460 2534 1597 2601 πρὸς
1649 2529 1864 2585 ἐκεῖνον

169 2622 653 2690 παραβαλλόμενοι
705 2624 1002 2688 φαίνονται
1056 2622 1371 2688 γεγονότες,
1426 2620 1565 2673 ὅπου
1617 2640 1677 2687 γε
1729 2621 1857 2689 μηδ’

169 2709 302 2762 αὐτὸ
363 2709 608 2776 τοῦνομα
669 2708 837 2761 πάλαι
900 2708 1261 2777 ἐγιγνώσκετο
1320 2716 1419 2762 τοῦ
1479 2711 1657 2777 νόμου
1718 2710 1865 2778 παρὰ

168 2807 283 2860 τοῖς
328 2795 582 2865 ‘'EM-2760·
652 2796 847 2864 <155>
906 2795 996 2850 καὶ
1055 2797 1265 2867 μάρτυς
1309 2795 1551 2866 Ὅμηρος
1613 2797 1864 2866 οὐδαμοῦ
1887 2820 1931 2852 30

167 2894 262 2954 τῆς
311 2887 582 2953 ποιήσεως
629 2885 777 2956 αὐτῷ
831 2885 1186 2955 χρησάμενος.
1273 2882 1406 2937 οὐδὲ
1458 2886 1561 2953 γὰρ
1607 2881 1678 2953 ἧν
1729 2887 1864 2938 κατὰ
