2032 3128
200 64 305 116 154
632 68 756 109 ΤοΤ
786 68 1125 111 ΙοΤΔΑΙΚοΤ
1155 70 1456 112 ΠΟΛΕΜΟΥ
1971 0 2005 145 ἐ

200 218 360 267 τερον
401 197 696 268 ἐβούλοντο
745 201 840 263 τὰς
886 198 1023 270 ὑπὲρ
1070 210 1168 255 τοῦ
1215 203 1613 270 διαφεύξεσθαι
1651 203 1751 271 τὴν
1788 221 1886 257 πο·
1984 140 2006 254 Ξ

200 290 450 353 λιορκίαν
498 287 722 351 ἐλπίδας
777 286 1000 357 ἐλέγξαι.
1080 291 1171 342 διὰ
1225 297 1386 343 τοῦτο
1437 289 1528 343 καὶ
1583 292 1886 360 προθύμως

200 373 489 430 ἐποιοῦντο
541 377 636 439 τὰς
687 376 912 440 ἐξόδους
962 377 1067 430 ἀνὰ
1120 385 1302 431 πᾶσαν
1348 377 1582 450 ἡμέραν,
1635 377 1725 426 καὶ
1771 382 1885 437 τοῖς

197 471 359 532 χοῦσι
391 468 828 530 συμπλεκόμενοι
859 463 1055 519 πολλοὶ
1085 463 1188 528 μὲν
1219 463 1515 530 ἔθνησκον,
1550 464 1790 524 πολλοὺς
1822 459 1883 515 δὲ
2006 531 2008 539 Ι

195 560 307 600 τῶν
339 550 616 616 Ῥωμαίων
657 545 919 617 ἀνῄρουν.
996 548 1177 617 <194>
1217 547 1300 602 ἀεὶ
1341 547 1401 602 δὲ
1447 557 1547 603 τοῦ
1593 559 1813 620 κρατεῖν
1853 552 1882 605 ὁ
1929 571 1950 604 5
1988 543 2009 579 >³¹⁵

195 637 385 703 καιρὸς
431 635 731 705 ἐβράβευεν
780 634 1054 704 ἑκατέροις
1101 638 1162 689 τὸ
1209 635 1398 705 πλέον,
1447 647 1561 700 τοῖς
1607 635 1708 707 μὲν
1750 636 1884 692 Ἰου-
2004 646 2006 649 ’

197 726 391 791 δαιόις,
438 725 491 776 εί
533 725 670 792 πρὸς
719 722 1196 793 ἀφυλακτοτέρους
1242 724 1628 794 προσπέσοιεν,
1673 736 1787 789 τοῖς
1826 724 1876 779 δ’

199 811 285 865 ἐπὶ
325 822 435 865 τῶν
474 812 741 882 χωμάτων
779 810 1190 880 προϊδομένοις,
1243 814 1294 864 εί
1329 813 1431 880 τὴν
1473 812 1748 881 ἐκδρομὴν
1788 815 1886 865 αὐ-
1990 822 2013 867 -3

193 909 303 952 τῶν
345 898 591 968 δέχοιντο
639 898 1050 968 πεφραγμένως.
1129 899 1310 968 <195>
1357 898 1476 952 ἀλλ’
1512 899 1613 952 οὐκ
1660 899 1721 953 ἐν
1759 901 1884 953 τού-

193 1007 309 1050 τοις
340 990 530 1057 ἔμελλε
562 989 897 1056 γενήσεσθαι
929 989 989 1041 τὸ
1022 985 1191 1057 πέρας
1222 994 1317 1055 τῆς
1347 990 1682 1058 πολιορκίας,
1716 989 1882 1056 ἔργον
1907 1011 1949 1042 10

197 1074 262 1128 δέ
304 1096 355 1128 τι
401 1073 652 1146 πραχθὲν
692 1075 751 1128 ἐκ
798 1078 1094 1145 συντυχίας
1138 1076 1457 1145 παράλογον
1503 1083 1599 1144 τῆς
1643 1077 1884 1146 παραδό-

195 1180 332 1227 σεως
376 1172 476 1217 τοῦ
524 1166 801 1233 φρουρίου
847 1165 948 1232 τὴν
996 1163 1243 1232 ἀνάγκην
1291 1161 1547 1232 ἐπέστησε
1595 1173 1709 1226 τοῖς
1749 1159 1885 1218 Ἰου-

196 1254 388 1315 δαίοις.
474 1253 656 1321 <196>
709 1247 780 1320 ἦν
834 1251 895 1305 έν
950 1261 1064 1314 τοῖς
1117 1251 1610 1321 πολιορκουμένοις
1662 1255 1885 1315 νεανίας

193 1343 465 1409 τολμῆσαί
499 1360 556 1393 τε
587 1343 804 1410 θρασὺς
839 1338 930 1392 καὶ
968 1341 1103 1393 κατὰ
1135 1350 1291 1410 χεῖρα
1325 1342 1670 1411 δραστήριος,
1701 1338 1884 1394 Ἐλεά-

196 1433 354 1498 ζαρος
393 1432 584 1498 ὄνομα.
663 1429 845 1499 <197>
893 1432 1110 1497 γεγόνει
1151 1426 1200 1481 δ’
1234 1425 1396 1492 οὗτος
1435 1428 1496 1482 ἐν
1534 1438 1654 1492 ταῖς
1693 1428 1883 1499 ε’κδρο-
1909 1449 1951 1482 15

193 1527 319 1587 μαῖς
358 1517 650 1587 ἐπιφανής,
690 1520 819 1580 τοὺς
856 1520 1098 1580 πολλοὺς
1136 1516 1336 1581 ἐξιέναι
1376 1515 1466 1571 καὶ
1506 1519 1743 1571 κωλύειν
1782 1519 1884 1588 τὴν

191 1616 365 1676 χῶσιν
395 1611 729 1676 παρακαλῶν
761 1604 852 1659 καὶ
891 1607 1026 1659 κατὰ
1058 1607 1154 1669 τὰς
1184 1606 1358 1677 μάχας
1387 1607 1565 1661 πολλὰ
1604 1605 1694 1660 καὶ
1728 1607 1884 1660 δεινὰ

190 1697 321 1757 τοὺς
351 1692 652 1764 Ῥωμαίους
693 1696 981 1763 διατιθείς,
1020 1703 1134 1757 τοῖς
1174 1691 1237 1747 δὲ
1276 1697 1380 1747 σὺν
1419 1695 1567 1767 αὐτῷ
1607 1699 1884 1764 τολμῶσιν

194 1782 535 1853 ἐπεκτρέχειν
598 1783 798 1855 ῥᾳδίαν
866 1780 966 1852 μὲν
1029 1785 1130 1852 τὴν
1194 1784 1516 1854 προσβολὴν
1575 1782 1884 1853 τιθέμενος,

194 1871 498 1925 ἀκίνδυνον
539 1869 600 1925 δὲ
638 1871 894 1942 παρέχων
932 1873 1034 1941 τὴν
1070 1872 1422 1942 ἀναχώρησιν
1460 1880 1535 1944 τῷ
1574 1876 1884 1936 τελευταῖος
1907 1893 1951 1925 20
2010 1905 2018 1924 f

193 1958 426 2013 ἀπιέναι.
503 1961 684 2030 <198>
723 1959 812 2014 καὶ
853 1963 922 2030 δή
968 1979 1098 2014 ποτε
1138 1968 1233 2029 τῆς
1281 1961 1456 2031 μάχης
1505 1961 1885 2031 διακριθείσης
2012 1951 2015 1953 ‚

191 2046 282 2100 καὶ
321 2052 614 2116 γεγονυίας
652 2048 980 2119 ἀμφοτέρων
1021 2049 1418 2120 ἀναχωρήσεως
1459 2048 1639 2118 αὐτός,
1679 2050 1771 2103 ἅτε
1813 2051 1882 2118 δὴ

190 2147 547 2207 περιφρονῶν
601 2135 692 2190 καὶ
746 2140 985 2207 νομίζων
1033 2137 1133 2191 οὐκ
1188 2137 1258 2191 ἂν
1306 2139 1383 2190 ἔτι
1439 2146 1549 2190 τῶν
1603 2141 1883 2207 πολεμίων

192 2224 397 2279 οὐδένα
456 2228 577 2279 τότε
640 2226 813 2296 μάχης
873 2226 1059 2296 ἄρξαι,
1121 2229 1313 2296 μείνας
1367 2235 1479 2279 τῶν
1533 2230 1727 2279 πυλῶν
1781 2225 1882 2290 ἔξω
2005 2295 2016 2298 ..

190 2322 305 2378 τοῖς
352 2312 438 2367 ε’πὶ
485 2322 585 2368 τοῦ
624 2318 837 2384 τείχους
878 2315 1143 2384 διελάλει,
1189 2313 1280 2368 καὶ
1326 2322 1431 2378 πᾶς
1476 2316 1614 2385 πρὸς
1653 2315 1884 2378 ἐκείνοις
1907 2336 1950 2368 25

190 2403 291 2470 τὴν
332 2403 587 2457 διάνοιαν
624 2398 709 2471 ἦν.
781 2404 964 2473 <199>
1006 2402 1109 2475 ὁρᾷ
1149 2400 1210 2456 δὲ
1250 2405 1347 2457 τὸν
1386 2405 1583 2473 καιρὸν
1623 2411 1721 2456 τοῦ
1757 2401 1884 2456 Ῥω-

191 2500 392 2560 μαϊκοῦ
431 2512 511 2554 τις
547 2490 923 2559 στρατοπέδου
954 2488 1201 2561 Ῥοῦφος,
1240 2491 1402 2560 γένος
1431 2491 1755 2559 Αἰγύπτιος,
1793 2490 1885 2544 καὶ

191 2580 427 2647 μηδενὸς
465 2578 535 2632 ἂν
573 2580 1058 2650 προσδοκήσαντος
1097 2579 1357 2648 ἐξαίφνης
1397 2579 1734 2648 ἐπιδραμών,
1779 2582 1886 2632 σὺν

189 2668 377 2731 αὐτοῖς
422 2667 694 2738 ἀράμενος
741 2666 911 2720 αὐτὸν
953 2677 1068 2731 τοῖς
1115 2668 1330 2737 ὅπλοις,
1379 2668 1454 2730 ὡς
1498 2677 1709 2737 κατεῖχε
1755 2670 1885 2731 τοὺς

189 2755 296 2810 ἀπὸ
342 2766 454 2810 τῶν
491 2765 686 2826 τειχῶν
726 2757 948 2819 ἰδόντας
988 2755 1266 2825 ἔκπληξις,
1313 2756 1521 2826 φθάνει
1567 2758 1665 2809 τὸν
1705 2757 1884 2826 ἄνδρα
1907 2779 1951 2811 3ο

190 2843 448 2912 μεταθεὶς
494 2846 634 2915 πρὸς
674 2846 735 2898 τὸ
774 2842 1058 2914 Ῥωμαίων
1098 2845 1485 2915 στρατόπεδον.
1565 2844 1746 2915 <200>
1783 2853 1884 2898 τοῦ

2003 1442 2019 1488 .;·.⁴
1998 1427 2018 1431 ζ
1996 1254 2019 1416 aff&
2004 1270 2007 1276 >
1997 1157 2017 1257 ‘minz‘
2003 1120 2016 1148 ,ι
2008 1095 2015 1106 ς
2006 1035 2015 1071 «Δ-
