2032 3128
687 113 789 154 ΕΙΣ
818 113 1254 155 ΜΑΚΚΑΒΑΙΟΤΣ
1701 112 1807 164 313

131 245 460 316 ἡλικιώτηςῇ
497 245 678 313 <139>
726 247 803 307 εἰς
847 246 913 298 τά
963 245 1101 298 αὐτὰ
1156 247 1259 313 γὰρ
1307 245 1668 314 γεννηθέντες
1719 245 1810 300 καὶ

131 332 442 403 τραφέντες,
475 330 610 401 ὑπὲρ
643 342 754 386 τῶν
778 333 960 386 αὐτῶν
990 331 1082 386 καὶ
1112 333 1488 402 ἀποθνήσκειν
1518 335 1810 404 ὀφείλομεν

132 422 351 489 ὁμοίως,
392 422 527 474 ὥστε
559 422 611 472 εί
641 422 796 474 δοκεῖ
823 436 911 474 σοι
943 424 1257 489 βασανίζειν
1289 424 1362 491 μὴ
1403 432 1812 492 μιαροφαγοῦν-

132 529 248 575 τας,
296 508 587 577 βασάνιζε.’
662 509 843 577 <14Ο>
881 517 1051 562 ταῦτα
1091 510 1259 563 αὐτὸν
1298 512 1522 564 εἰπόντα
1564 518 1812 581 παρῆγον

88 619 109 652 5
134 595 221 648 ἐπὶ
267 598 365 650 τὸν
411 599 636 666 τροχόν,
693 595 779 666 ἐφ’
822 593 888 650 οὗ
942 600 1391 667 κατατεινόμενος
1437 599 1671 668 ἐκμελῶς
1722 597 1813 652 καὶ

135 683 703 754 ε’κσφονδυλιζόμενος
740 686 1054 739 ὑπεκαίετο·
1094 684 1185 738 καὶ
1225 687 1548 755 ὀβελίσκους
1579 685 1639 740 δὲ
1675 686 1815 751 ὀξεῖς

131 774 485 840 πυρώσαντες
530 783 644 836 τοῖς
697 775 892 836 νώτοις
938 773 1305 844 προσέφερον,
1358 774 1449 828 καὶ
1495 776 1561 828 τὰ
1606 777 1815 844 πλευρὰ

134 863 512 930 διαπείραντες
550 861 722 914 αὐτοῦ
762 860 853 914 καὶ
892 863 958 914 τὰ
995 862 1275 931 σπλάγχνα
1313 861 1570 915 διέκαιον.
1631 863 1814 930 <141>

133 949 162 1002 ὃ
212 947 273 1002 δὲ
317 951 746 1019 βασανιζόμενος
799 950 870 1002 (ὦ
920 950 1278 1018 ι”εροπρεποῦς
1323 949 1561 1017 ἀγῶνος’
1610 952 1816 1019 ἔλεγεν,

67 1061 109 1092 10
134 1035 248 1107 ρἐφ’
280 1038 345 1091 ὃν
387 1039 478 1090 διὰ
517 1038 617 1105 τὴν
649 1036 934 1105 εὐσέβειαν
972 1039 1052 1101 εἰς
1088 1039 1278 1091 πόνων
1316 1041 1630 1107 γυμνασίαν
1662 1039 1818 1092 ἀδελ-

131 1125 229 1195 φοὶ
267 1134 522 1179 τοσοῦτοι
554 1125 851 1194 κληθέντες
882 1123 1379 1195 οὐκένικήθημεν·
1421 1126 1676 1195 ἀνίκητος
1714 1128 1818 1196 γάρ

135 1213 303 1283 ἐστιν,
352 1210 393 1267 ὦ
433 1216 691 1285 τύραννε,
737 1214 771 1283 ἡ
811 1214 1040 1283 εὐσεβὴς
1079 1215 1358 1283 ἐπιστήμη.
1437 1215 1619 1284 <142>
1658 1221 1819 1270 καλο-

131 1306 375 1374 καγαθίᾳ
427 1302 886 1372 καθωπλισμένος
938 1304 1274 1372 τεθνήξομαι
1328 1301 1428 1372 μὲν
1481 1304 1630 1372 κάγὼ
1686 1305 1818 1372 μετὰ

132 1401 242 1444 τῶν
275 1391 534 1461 ἀδελφῶν
573 1412 700 1460 μου,
740 1390 828 1444 σοὶ
869 1390 947 1460 δέ,
987 1388 1029 1444 ὦ
1069 1394 1326 1460 τύραννε,
1365 1391 1538 1461 μέγαν
1575 1396 1819 1462 προσβα-

68 1502 109 1534 15
135 1481 248 1533 λὼν
286 1478 377 1533 καὶ
415 1479 579 1542 αὐτὸς
616 1482 874 1549 τιμωρόν.
944 1478 1240 1549 καινουργὲ
1279 1490 1391 1533 τῶν
1430 1481 1690 1549 βασάνων
1728 1480 1820 1534 καὶ

132 1568 356 1637 πολέμιε
396 1577 507 1621 τῶν
546 1568 769 1636 ἀληθῶς
816 1568 1219 1636 εὐσεβούντων,
1267 1568 1322 1632 ἓξ
1370 1569 1622 1637 μειράκια
1668 1589 1820 1622 κατε-

133 1656 377 1725 λύσαμέν
413 1671 517 1709 σου
555 1657 657 1724 τὴν
696 1657 1025 1724 τυραννίδα·
1071 1657 1252 1724 <143>
1293 1659 1354 1710 τὸ
1393 1658 1498 1726 γάρ
1539 1659 1611 1726 μὴ
1653 1659 1820 1726 δυνη-

132 1749 310 1813 θῆναί
359 1759 419 1797 σε
474 1754 793 1813 μεταπεῖσαι
848 1746 945 1798 τὸν
993 1747 1262 1813 λογισμὸν
1308 1745 1465 1813 ἡμῶν
1512 1743 1649 1813 μηδὲ
1703 1747 1823 1814 βιά-

135 1839 342 1886 σασθαι
379 1835 518 1901 πρὸς
555 1834 657 1901 τὴν
689 1837 1065 1901 μιαροφαγιάν
1098 1833 1165 1886 οὐ
1203 1833 1498 1896 κατάλυσίς
1537 1833 1657 1887 έστί
1690 1849 1819 1898 σου;

11 1942 14 1944 ’
67 1944 110 1975 20
134 1923 194 1973 τὸ
241 1929 351 1989 πῦρ
400 1935 502 1974 σου
548 1922 764 1989 ψυχρὸν
811 1920 962 1989 ἡμῖν,
1009 1919 1100 1973 καὶ
1146 1922 1345 1974 ἄπονοι
1393 1922 1452 1975 οἱ
1496 1922 1822 1976 καταπέλται

133 2007 224 2061 καὶ
279 2007 552 2071 ἀδύνατος
605 2008 638 2076 ἡ
694 2011 813 2076 βία·
870 2009 938 2062 οὐ
993 2010 1096 2077 γάρ
1144 2010 1423 2079 τυράννου
1476 2009 1614 2063 ἀλλά
1659 2014 1822 2064 θείου

133 2099 309 2165 νόμου
356 2098 760 2166 παρεστήκασιν
799 2096 932 2165 ἡμῖν
973 2098 1307 2166 δορυφόροι·
1356 2098 1448 2150 διά
1495 2107 1657 2152 τοῦτο
1706 2099 1823 2152 ἀνί-

132 2205 301 2254 κητον
340 2187 535 2255 ἔχομεν
575 2187 671 2238 τὸν
711 2184 1013 2253 λογισμόν.’

244 2274 426 2342 <144>
475 2274 549 2337 ὡς
596 2271 658 2327 δὲ
702 2272 794 2327 καὶ
835 2270 996 2337 οὗτος
1041 2278 1320 2343 μακαρίως
1366 2274 1612 2329 ἀπέθανε
1658 2296 1820 2332 κατα-

66 2386 109 2418 25
132 2361 361 2431 βληθεὶς
415 2364 494 2425 εἰς
540 2361 764 2431 λέβητα,
820 2363 849 2416 ὁ
898 2362 1133 2432 ἕβδομος
1185 2366 1544 2434 παραγίνεται
1597 2364 1822 2418 πάντων

132 2452 422 2518 νεώτερος·
470 2451 538 2504 ὃν
576 2454 1024 2520 κατοικτειρήσας
1069 2451 1099 2505 ὁ
1146 2453 1442 2521 τύραννος,
1489 2456 1666 2506 καίτοι
1713 2455 1821 2506 δει-

132 2549 242 2603 νῶς
294 2540 404 2594 ὑπὸ
458 2540 684 2593 πάντων
738 2549 850 2592 τῶν
901 2540 1158 2609 ἀδελφῶν
1206 2538 1379 2594 αὐτοῦ
1432 2546 1822 2610 καταικισθείς,

134 2629 281 2697 ὀρῶν
320 2630 427 2697 ἤδη
467 2629 533 2680 τά
577 2630 749 2697 δεσμὰ
795 2631 1178 2698 περικείμενον
1217 2628 1612 2698 πλησιέστερον
1651 2630 1823 2684 αὑτοῦ

133 2716 526 2787 μετεπέμψατο,
571 2715 663 2770 καὶ
709 2726 1047 2786 παρηγορεῖν
1089 2716 1366 2787 ἐπειρᾶτο,
1414 2716 1592 2785 λέγων
1639 2718 1821 2787 <145>

66 2828 110 2859 30
136 2805 256 2873 Ετῆς
302 2803 403 2874 μὲν
440 2815 553 2859 τῶν
593 2806 849 2875 ἀδελφῶν
890 2821 992 2860 σου
1041 2805 1306 2868 ἀπονοίας
1353 2807 1414 2859 τὸ
1461 2805 1615 2870 τέλος
1666 2807 1822 2879 ὁρᾷς·

134 2895 226 2947 διὰ
272 2895 376 2965 γὰρ
424 2894 715 2947 ἀπείθειαν
762 2892 1198 2964 στρεβλωθέντες
1244 2900 1500 2947 τεθνᾶσι·
1549 2898 1617 2948 σὺ
1667 2894 1727 2949 δὲ
1774 2899 1826 2949 εί

1855 2293 1907 2332 12
