<?xml version="1.0" encoding="UTF-8"?>
<!DOCTYPE html PUBLIC "-//W3C//DTD XHTML 1.0 Transitional//EN"
    "http://www.w3.org/TR/xhtml1/DTD/xhtml1-transitional.dtd">
<html xmlns="http://www.w3.org/1999/xhtml" xml:lang="en" lang="en">
 <head>
  <title>
</title>
<meta http-equiv="Content-Type" content="text/html;charset=utf-8" />
  <meta name='ocr-system' content='tesseract 3.04.00' />
  <meta name='ocr-capabilities' content='ocr_page ocr_carea ocr_par ocr_line ocrx_word'/>
</head>
<body>
  <div class='ocr_page' id='page_1' title='image "./flaviiiosephiope06joseuoft_0367.png"; bbox 0 0 2032 3128; ppageno 0'>
   <div class='ocr_carea' id='block_1_1' title="bbox 680 108 1804 159">
    <p class='ocr_par' dir='ltr' id='par_1_1' title="bbox 680 108 1804 159">
     <span class='ocr_line' id='line_1_1' title="bbox 680 108 1804 159; baseline 0.01 -10"><span class='ocrx_word' id='word_1_1' title='bbox 680 110 782 150; x_wconf 79' lang='grc' dir='ltr'><strong><em>ΕΙΣ</em></strong></span> <span class='ocrx_word' id='word_1_2' title='bbox 814 110 1250 152; x_wconf 73' lang='grc' dir='ltr'><strong>ΜΑΚΚΑΒΑΙΟΤΣ</strong></span> <span class='ocrx_word' id='word_1_3' title='bbox 1697 108 1804 159; x_wconf 84' lang='grc'><strong><em>311</em></strong></span> 
     </span>
    </p>
   </div>
   <div class='ocr_carea' id='block_1_2' title="bbox 43 243 1809 2960">
    <p class='ocr_par' dir='ltr' id='par_1_2' title="bbox 43 243 1809 2960">
     <span class='ocr_line' id='line_1_2' title="bbox 128 243 1805 311; baseline -0.001 -15"><span class='ocrx_word' id='word_1_4' title='bbox 128 243 158 296; x_wconf 89' lang='grc' dir='ltr'>ὁ</span> <span class='ocrx_word' id='word_1_5' title='bbox 205 244 383 311; x_wconf 78' lang='grc' dir='ltr'><em>τρίτος</em></span> <span class='ocrx_word' id='word_1_6' title='bbox 428 243 614 310; x_wconf 80' lang='grc' dir='ltr'><strong><em>ἤγετο,</em></strong></span> <span class='ocrx_word' id='word_1_7' title='bbox 658 243 1143 311; x_wconf 75' lang='grc' dir='ltr'><strong><em>παρακαλούμενος</em></strong></span> <span class='ocrx_word' id='word_1_8' title='bbox 1188 245 1364 297; x_wconf 85' lang='grc' dir='ltr'><strong><em>πολλὰ</em></strong></span> <span class='ocrx_word' id='word_1_9' title='bbox 1410 244 1518 297; x_wconf 88' lang='grc' dir='ltr'><strong><em>ὑπὸ</em></strong></span> <span class='ocrx_word' id='word_1_10' title='bbox 1563 247 1805 310; x_wconf 88' lang='grc' dir='ltr'><strong><em>πολλῶν,</em></strong></span> 
     </span>
     <span class='ocr_line' id='line_1_3' title="bbox 127 328 1804 401; baseline 0.001 -18"><span class='ocrx_word' id='word_1_11' title='bbox 127 332 273 393; x_wconf 80' lang='grc' dir='ltr'><strong><em>ὅπως</em></strong></span> <span class='ocrx_word' id='word_1_12' title='bbox 325 329 770 398; x_wconf 79' lang='grc' dir='ltr'><strong><em>ἀπογευσάμενος</em></strong></span> <span class='ocrx_word' id='word_1_13' title='bbox 822 331 1062 395; x_wconf 81' lang='grc' dir='ltr'><strong><em>σώζοιτο.</em></strong></span> <span class='ocrx_word' id='word_1_14' title='bbox 1139 330 1168 384; x_wconf 89' lang='grc' dir='ltr'><strong><em>ὃ</em></strong></span> <span class='ocrx_word' id='word_1_15' title='bbox 1221 328 1283 384; x_wconf 80' lang='grc' dir='ltr'><strong><em>δὲ</em></strong></span> <span class='ocrx_word' id='word_1_16' title='bbox 1337 331 1648 401; x_wconf 82' lang='grc' dir='ltr'><strong><em>ἀναβοήσας</em></strong></span> <span class='ocrx_word' id='word_1_17' title='bbox 1701 333 1804 400; x_wconf 84' lang='grc' dir='ltr'><strong><em>ἔφη</em></strong></span> 
     </span>
     <span class='ocr_line' id='line_1_4' title="bbox 127 417 1806 488; baseline -0.001 -16"><span class='ocrx_word' id='word_1_18' title='bbox 127 419 401 486; x_wconf 61' lang='grc' dir='ltr'><strong><em>εἀγνοεῖτε</em></strong></span> <span class='ocrx_word' id='word_1_19' title='bbox 435 418 518 470; x_wconf 81' lang='grc' dir='ltr'><strong><em>ὅτι</em></strong></span> <span class='ocrx_word' id='word_1_20' title='bbox 555 418 583 471; x_wconf 93' lang='grc' dir='ltr'>ὁ</span> <span class='ocrx_word' id='word_1_21' title='bbox 617 417 781 480; x_wconf 89' lang='grc' dir='ltr'><strong><em>αὐτός</em></strong></span> <span class='ocrx_word' id='word_1_22' title='bbox 818 437 884 486; x_wconf 89' lang='grc' dir='ltr'><strong><em>με</em></strong></span> <span class='ocrx_word' id='word_1_23' title='bbox 914 428 1028 481; x_wconf 87' lang='grc' dir='ltr'><strong><em>τοῖς</em></strong></span> <span class='ocrx_word' id='word_1_24' title='bbox 1065 424 1560 487; x_wconf 87' lang='grc' dir='ltr'><strong><em>προαποθανοῦσιν</em></strong></span> <span class='ocrx_word' id='word_1_25' title='bbox 1592 421 1806 488; x_wconf 77' lang='grc' dir='ltr'><strong><em>ἔσπειρε</em></strong></span> 
     </span>
     <span class='ocr_line' id='line_1_5' title="bbox 125 504 1808 576; baseline 0 -16"><span class='ocrx_word' id='word_1_26' title='bbox 125 509 300 576; x_wconf 82' lang='grc' dir='ltr'><strong><em>πατὴρ</em></strong></span> <span class='ocrx_word' id='word_1_27' title='bbox 340 505 430 559; x_wconf 83' lang='grc' dir='ltr'><strong><em>καὶ</em></strong></span> <span class='ocrx_word' id='word_1_28' title='bbox 468 506 501 574; x_wconf 84' lang='grc' dir='ltr'><em>ἡ</em></span> <span class='ocrx_word' id='word_1_29' title='bbox 535 506 670 575; x_wconf 86' lang='grc' dir='ltr'><strong><em>αὐτὴ</em></strong></span> <span class='ocrx_word' id='word_1_30' title='bbox 711 509 885 575; x_wconf 80' lang='grc' dir='ltr'><em>μήτηρ</em></span> <span class='ocrx_word' id='word_1_31' title='bbox 919 505 1194 575; x_wconf 81' lang='grc' dir='ltr'><strong><em>ἐγέννησε,</em></strong></span> <span class='ocrx_word' id='word_1_32' title='bbox 1234 504 1325 560; x_wconf 84' lang='grc' dir='ltr'><strong><em>καὶ</em></strong></span> <span class='ocrx_word' id='word_1_33' title='bbox 1356 506 1444 560; x_wconf 90' lang='grc' dir='ltr'><strong><em>ἐπὶ</em></strong></span> <span class='ocrx_word' id='word_1_34' title='bbox 1475 517 1590 570; x_wconf 89' lang='grc' dir='ltr'><strong><em>τοῖς</em></strong></span> <span class='ocrx_word' id='word_1_35' title='bbox 1621 508 1808 569; x_wconf 91' lang='grc' dir='ltr'><strong><em>αὐτοῖς</em></strong></span> 
     </span>
     <span class='ocr_line' id='line_1_6' title="bbox 85 593 1809 664; baseline 0.002 -20"><span class='ocrx_word' id='word_1_36' title='bbox 85 612 107 644; x_wconf 83' lang='lat'><strong>5</strong></span> <span class='ocrx_word' id='word_1_37' title='bbox 131 595 440 664; x_wconf 86' lang='grc' dir='ltr'><strong><em>ἀνετράφην</em></strong></span> <span class='ocrx_word' id='word_1_38' title='bbox 488 595 781 663; x_wconf 89' lang='grc' dir='ltr'><strong><em>δόγμασιν;</em></strong></span> <span class='ocrx_word' id='word_1_39' title='bbox 834 595 934 647; x_wconf 89' lang='grc' dir='ltr'><strong><em>οὐκ</em></strong></span> <span class='ocrx_word' id='word_1_40' title='bbox 982 593 1278 663; x_wconf 81' lang='grc' dir='ltr'><strong><em>ἐξομοῦμαι</em></strong></span> <span class='ocrx_word' id='word_1_41' title='bbox 1323 596 1424 664; x_wconf 88' lang='grc' dir='ltr'><strong><em>τὴν</em></strong></span> <span class='ocrx_word' id='word_1_42' title='bbox 1471 595 1665 664; x_wconf 86' lang='grc' dir='ltr'><strong><em>εὐγενῆ</em></strong></span> <span class='ocrx_word' id='word_1_43' title='bbox 1712 603 1809 664; x_wconf 83' lang='grc' dir='ltr'><strong><em>τῆς</em></strong></span> 
     </span>
     <span class='ocr_line' id='line_1_7' title="bbox 129 680 1808 751; baseline 0 -16"><span class='ocrx_word' id='word_1_44' title='bbox 129 683 497 751; x_wconf 88' lang='grc' dir='ltr'><strong><em>ἀδελφότητός</em></strong></span> <span class='ocrx_word' id='word_1_45' title='bbox 550 703 658 751; x_wconf 90' lang='grc' dir='ltr'><strong><em>μου</em></strong></span> <span class='ocrx_word' id='word_1_46' title='bbox 713 681 1075 750; x_wconf 84' lang='grc' dir='ltr'><strong><em>συγγένειαν.’</em></strong></span> <span class='ocrx_word' id='word_1_47' title='bbox 1152 684 1333 751; x_wconf 84' lang='grc'>&lt;126&gt;</span> <span class='ocrx_word' id='word_1_48' title='bbox 1381 686 1439 737; x_wconf 85' lang='grc' dir='ltr'><strong><em>οἳ</em></strong></span> <span class='ocrx_word' id='word_1_49' title='bbox 1489 680 1550 736; x_wconf 75' lang='grc' dir='ltr'><strong><em>δὲ</em></strong></span> <span class='ocrx_word' id='word_1_50' title='bbox 1602 693 1808 751; x_wconf 78' lang='grc' dir='ltr'><strong><em>πικρῶς</em></strong></span> 
     </span>
     <span class='ocr_line' id='line_1_8' title="bbox 127 769 1809 841; baseline 0.001 -18"><span class='ocrx_word' id='word_1_51' title='bbox 127 769 440 839; x_wconf 82' lang='grc' dir='ltr'><strong><em>ἐνεγκόντες</em></strong></span> <span class='ocrx_word' id='word_1_52' title='bbox 485 772 586 840; x_wconf 84' lang='grc' dir='ltr'><strong><em>τὴν</em></strong></span> <span class='ocrx_word' id='word_1_53' title='bbox 626 773 935 840; x_wconf 88' lang='grc' dir='ltr'><strong><em>παρρησίαν</em></strong></span> <span class='ocrx_word' id='word_1_54' title='bbox 981 780 1080 824; x_wconf 92' lang='grc' dir='ltr'><strong><em>τοῦ</em></strong></span> <span class='ocrx_word' id='word_1_55' title='bbox 1127 771 1354 841; x_wconf 88' lang='grc' dir='ltr'><strong><em>ἀνδρός,</em></strong></span> <span class='ocrx_word' id='word_1_56' title='bbox 1403 771 1809 841; x_wconf 86' lang='grc' dir='ltr'><strong><em>ἀρθρεμβόλοις</em></strong></span> 
     </span>
     <span class='ocr_line' id='line_1_9' title="bbox 127 858 1808 929; baseline 0.001 -18"><span class='ocrx_word' id='word_1_57' title='bbox 127 859 383 926; x_wconf 75' lang='grc' dir='ltr'><strong><em>ὀργάνοις</em></strong></span> <span class='ocrx_word' id='word_1_58' title='bbox 420 860 515 921; x_wconf 80' lang='grc' dir='ltr'><strong><em>τὰς</em></strong></span> <span class='ocrx_word' id='word_1_59' title='bbox 552 868 735 928; x_wconf 89' lang='grc' dir='ltr'><strong><em>χεῖρας</em></strong></span> <span class='ocrx_word' id='word_1_60' title='bbox 766 860 937 912; x_wconf 88' lang='grc' dir='ltr'><strong><em>αὐτοῦ</em></strong></span> <span class='ocrx_word' id='word_1_61' title='bbox 976 858 1066 911; x_wconf 88' lang='grc' dir='ltr'><strong><em>καὶ</em></strong></span> <span class='ocrx_word' id='word_1_62' title='bbox 1105 862 1235 922; x_wconf 88' lang='grc' dir='ltr'><strong><em>τοὺς</em></strong></span> <span class='ocrx_word' id='word_1_63' title='bbox 1273 861 1445 923; x_wconf 84' lang='grc' dir='ltr'><strong><em>πόδας</em></strong></span> <span class='ocrx_word' id='word_1_64' title='bbox 1477 859 1808 929; x_wconf 84' lang='grc' dir='ltr'><strong><em>ἐξήρθρουν,</em></strong></span> 
     </span>
     <span class='ocr_line' id='line_1_10' title="bbox 124 945 1808 1017; baseline 0 -18"><span class='ocrx_word' id='word_1_65' title='bbox 124 946 214 999; x_wconf 88' lang='grc' dir='ltr'><strong><em>καὶ</em></strong></span> <span class='ocrx_word' id='word_1_66' title='bbox 262 946 316 1010; x_wconf 83' lang='grc' dir='ltr'><strong><em>ἐξ</em></strong></span> <span class='ocrx_word' id='word_1_67' title='bbox 363 947 554 1016; x_wconf 83' lang='grc' dir='ltr'><strong><em>ἁρμῶν</em></strong></span> <span class='ocrx_word' id='word_1_68' title='bbox 600 946 1106 1017; x_wconf 85' lang='grc' dir='ltr'><strong><em>ἀναμοχλεύσαντες</em></strong></span> <span class='ocrx_word' id='word_1_69' title='bbox 1159 947 1479 1015; x_wconf 80' lang='grc' dir='ltr'><strong><em>ἐξεμέλιζον,</em></strong></span> <span class='ocrx_word' id='word_1_70' title='bbox 1534 945 1624 1000; x_wconf 88' lang='grc' dir='ltr'><strong><em>καὶ</em></strong></span> <span class='ocrx_word' id='word_1_71' title='bbox 1678 950 1808 1009; x_wconf 88' lang='grc' dir='ltr'><strong><em>τοὺς</em></strong></span> 
     </span>
     <span class='ocr_line' id='line_1_11' title="bbox 57 1033 1808 1105; baseline 0.001 -19"><span class='ocrx_word' id='word_1_72' title='bbox 57 1054 101 1086; x_wconf 86' lang='lat'><strong><em>10</em></strong></span> <span class='ocrx_word' id='word_1_73' title='bbox 125 1035 430 1096; x_wconf 81' lang='grc' dir='ltr'><strong><em>δακτύλους</em></strong></span> <span class='ocrx_word' id='word_1_74' title='bbox 474 1033 565 1087; x_wconf 85' lang='grc' dir='ltr'><strong><em>καὶ</em></strong></span> <span class='ocrx_word' id='word_1_75' title='bbox 610 1037 740 1097; x_wconf 85' lang='grc' dir='ltr'><strong><em>τοὺς</em></strong></span> <span class='ocrx_word' id='word_1_76' title='bbox 778 1038 1076 1105; x_wconf 85' lang='grc' dir='ltr'><strong><em>βραχίονας</em></strong></span> <span class='ocrx_word' id='word_1_77' title='bbox 1114 1034 1204 1088; x_wconf 83' lang='grc' dir='ltr'><strong><em>καὶ</em></strong></span> <span class='ocrx_word' id='word_1_78' title='bbox 1243 1036 1309 1088; x_wconf 84' lang='grc' dir='ltr'><strong><em>τὰ</em></strong></span> <span class='ocrx_word' id='word_1_79' title='bbox 1348 1035 1510 1104; x_wconf 81' lang='grc' dir='ltr'><strong><em>σκέλη</em></strong></span> <span class='ocrx_word' id='word_1_80' title='bbox 1550 1034 1640 1088; x_wconf 89' lang='grc' dir='ltr'><strong><em>καὶ</em></strong></span> <span class='ocrx_word' id='word_1_81' title='bbox 1680 1038 1808 1098; x_wconf 87' lang='grc' dir='ltr'><strong><em>τοὺς</em></strong></span> 
     </span>
     <span class='ocr_line' id='line_1_12' title="bbox 124 1122 1808 1193; baseline 0.001 -17"><span class='ocrx_word' id='word_1_82' title='bbox 124 1123 374 1191; x_wconf 86' lang='grc' dir='ltr'><strong><em>ἀγκῶνας</em></strong></span> <span class='ocrx_word' id='word_1_83' title='bbox 419 1122 735 1191; x_wconf 85' lang='grc' dir='ltr'><strong><em>περιέκλων.</em></strong></span> <span class='ocrx_word' id='word_1_84' title='bbox 815 1123 997 1191; x_wconf 78' lang='grc'>&lt;127&gt;</span> <span class='ocrx_word' id='word_1_85' title='bbox 1034 1122 1124 1176; x_wconf 85' lang='grc' dir='ltr'><strong><em>καὶ</em></strong></span> <span class='ocrx_word' id='word_1_86' title='bbox 1171 1125 1307 1176; x_wconf 79' lang='grc' dir='ltr'><strong><em>κατὰ</em></strong></span> <span class='ocrx_word' id='word_1_87' title='bbox 1353 1122 1563 1193; x_wconf 80' lang='grc' dir='ltr'><strong><em>μηδένα</em></strong></span> <span class='ocrx_word' id='word_1_88' title='bbox 1601 1126 1808 1192; x_wconf 90' lang='grc' dir='ltr'><strong><em>τρόπον</em></strong></span> 
     </span>
     <span class='ocr_line' id='line_1_13' title="bbox 123 1210 1806 1282; baseline 0.001 -19"><span class='ocrx_word' id='word_1_89' title='bbox 123 1212 406 1281; x_wconf 82' lang='grc' dir='ltr'><strong><em>ἰσχύοντες</em></strong></span> <span class='ocrx_word' id='word_1_90' title='bbox 460 1211 630 1264; x_wconf 90' lang='grc' dir='ltr'><strong><em>αὐτὸν</em></strong></span> <span class='ocrx_word' id='word_1_91' title='bbox 675 1210 859 1279; x_wconf 78' lang='grc' dir='ltr'><strong><em>ἄγξαι,</em></strong></span> <span class='ocrx_word' id='word_1_92' title='bbox 914 1213 1309 1281; x_wconf 86' lang='grc' dir='ltr'><strong><em>περισύραντες</em></strong></span> <span class='ocrx_word' id='word_1_93' title='bbox 1362 1214 1423 1265; x_wconf 91' lang='grc' dir='ltr'><strong><em>τὸ</em></strong></span> <span class='ocrx_word' id='word_1_94' title='bbox 1478 1211 1650 1282; x_wconf 87' lang='grc' dir='ltr'><strong><em>δέρμα</em></strong></span> <span class='ocrx_word' id='word_1_95' title='bbox 1701 1215 1806 1264; x_wconf 87' lang='grc' dir='ltr'><strong><em>σὺν</em></strong></span> 
     </span>
     <span class='ocr_line' id='line_1_14' title="bbox 121 1297 1807 1368; baseline -0.001 -16"><span class='ocrx_word' id='word_1_96' title='bbox 121 1302 314 1367; x_wconf 79' lang='grc' dir='ltr'><strong><em>ἄκραις</em></strong></span> <span class='ocrx_word' id='word_1_97' title='bbox 351 1309 461 1351; x_wconf 89' lang='grc' dir='ltr'><strong><em>τῶν</em></strong></span> <span class='ocrx_word' id='word_1_98' title='bbox 502 1299 788 1351; x_wconf 87' lang='grc' dir='ltr'><strong><em>δακτύλων</em></strong></span> <span class='ocrx_word' id='word_1_99' title='bbox 826 1308 1094 1368; x_wconf 81' lang='grc' dir='ltr'><strong><em>κορυφαῖς</em></strong></span> <span class='ocrx_word' id='word_1_100' title='bbox 1133 1298 1518 1364; x_wconf 80' lang='grc' dir='ltr'><strong><em>ἀπεσκύθιζον.</em></strong></span> <span class='ocrx_word' id='word_1_101' title='bbox 1587 1297 1680 1351; x_wconf 90' lang='grc' dir='ltr'><strong><em>καὶ</em></strong></span> <span class='ocrx_word' id='word_1_102' title='bbox 1719 1299 1807 1352; x_wconf 89' lang='grc' dir='ltr'><strong><em>εὐ-</em></strong></span> 
     </span>
     <span class='ocr_line' id='line_1_15' title="bbox 119 1386 1807 1457; baseline 0.001 -17"><span class='ocrx_word' id='word_1_103' title='bbox 119 1388 265 1450; x_wconf 89' lang='grc' dir='ltr'><strong><em>θέως</em></strong></span> <span class='ocrx_word' id='word_1_104' title='bbox 310 1390 520 1456; x_wconf 76' lang='grc' dir='ltr'><strong><em>ἤγαγον</em></strong></span> <span class='ocrx_word' id='word_1_105' title='bbox 561 1386 648 1440; x_wconf 88' lang='grc' dir='ltr'><strong><em>ἐπὶ</em></strong></span> <span class='ocrx_word' id='word_1_106' title='bbox 686 1389 784 1440; x_wconf 88' lang='grc' dir='ltr'><strong><em>τὸν</em></strong></span> <span class='ocrx_word' id='word_1_107' title='bbox 822 1390 1043 1457; x_wconf 87' lang='grc' dir='ltr'><strong><em>τροχόν,</em></strong></span> <span class='ocrx_word' id='word_1_108' title='bbox 1087 1387 1210 1454; x_wconf 85' lang='grc' dir='ltr'><strong><em>περὶ</em></strong></span> <span class='ocrx_word' id='word_1_109' title='bbox 1262 1387 1327 1440; x_wconf 90' lang='grc' dir='ltr'><strong><em>ὃν</em></strong></span> <span class='ocrx_word' id='word_1_110' title='bbox 1367 1387 1425 1440; x_wconf 88' lang='grc' dir='ltr'><strong><em>ἐκ</em></strong></span> <span class='ocrx_word' id='word_1_111' title='bbox 1472 1389 1807 1457; x_wconf 84' lang='grc' dir='ltr'><strong><em>σφονδύλων</em></strong></span> 
     </span>
     <span class='ocr_line' id='line_1_16' title="bbox 52 1473 1805 1546; baseline 0.001 -18"><span class='ocrx_word' id='word_1_112' title='bbox 52 1496 97 1528; x_wconf 87' lang='lat'><strong><em>15</em></strong></span> <span class='ocrx_word' id='word_1_113' title='bbox 121 1477 530 1546; x_wconf 83' lang='grc' dir='ltr'><strong><em>ἐκμελιζόμενος</em></strong></span> <span class='ocrx_word' id='word_1_114' title='bbox 576 1473 720 1545; x_wconf 81' lang='grc' dir='ltr'><strong><em>ἑώρα</em></strong></span> <span class='ocrx_word' id='word_1_115' title='bbox 766 1477 860 1538; x_wconf 83' lang='grc' dir='ltr'><strong><em>τὰς</em></strong></span> <span class='ocrx_word' id='word_1_116' title='bbox 906 1474 1104 1530; x_wconf 81' lang='grc' dir='ltr'><strong><em>ἑαυτοῦ</em></strong></span> <span class='ocrx_word' id='word_1_117' title='bbox 1152 1477 1355 1545; x_wconf 89' lang='grc' dir='ltr'><strong><em>σάρκας</em></strong></span> <span class='ocrx_word' id='word_1_118' title='bbox 1399 1475 1805 1546; x_wconf 83' lang='grc' dir='ltr'><strong><em>περιλακιζομέ-</em></strong></span> 
     </span>
     <span class='ocr_line' id='line_1_17' title="bbox 119 1563 1806 1634; baseline -0.001 -15"><span class='ocrx_word' id='word_1_119' title='bbox 119 1586 238 1634; x_wconf 90' lang='grc' dir='ltr'><strong><em>νας,</em></strong></span> <span class='ocrx_word' id='word_1_120' title='bbox 275 1564 362 1618; x_wconf 78' lang='grc' dir='ltr'><strong><em>καὶ</em></strong></span> <span class='ocrx_word' id='word_1_121' title='bbox 404 1566 539 1617; x_wconf 84' lang='grc' dir='ltr'><strong><em>κατὰ</em></strong></span> <span class='ocrx_word' id='word_1_122' title='bbox 579 1565 909 1634; x_wconf 84' lang='grc' dir='ltr'><strong><em>σπλάγχνων</em></strong></span> <span class='ocrx_word' id='word_1_123' title='bbox 940 1567 1210 1632; x_wconf 87' lang='grc' dir='ltr'><strong><em>σταγόνας</em></strong></span> <span class='ocrx_word' id='word_1_124' title='bbox 1246 1565 1471 1633; x_wconf 82' lang='grc' dir='ltr'><strong><em>αἵματος</em></strong></span> <span class='ocrx_word' id='word_1_125' title='bbox 1502 1563 1806 1634; x_wconf 85' lang='grc' dir='ltr'><strong><em>ἀπορρεού-</em></strong></span> 
     </span>
     <span class='ocr_line' id='line_1_18' title="bbox 121 1650 1805 1721; baseline -0.001 -14"><span class='ocrx_word' id='word_1_126' title='bbox 121 1669 232 1717; x_wconf 89' lang='grc' dir='ltr'><strong><em>σας.</em></strong></span> <span class='ocrx_word' id='word_1_127' title='bbox 309 1654 491 1721; x_wconf 78' lang='lat'>&lt;128&gt;</span> <span class='ocrx_word' id='word_1_128' title='bbox 530 1652 745 1721; x_wconf 89' lang='grc' dir='ltr'><strong><em>μέλλων</em></strong></span> <span class='ocrx_word' id='word_1_129' title='bbox 787 1650 848 1705; x_wconf 74' lang='grc' dir='ltr'><strong><em>δὲ</em></strong></span> <span class='ocrx_word' id='word_1_130' title='bbox 894 1652 1270 1721; x_wconf 85' lang='grc' dir='ltr'><strong><em>ἀποθνήσκειν</em></strong></span> <span class='ocrx_word' id='word_1_131' title='bbox 1310 1655 1415 1721; x_wconf 83' lang='grc' dir='ltr'><strong><em>ἔφη</em></strong></span> <span class='ocrx_word' id='word_1_132' title='bbox 1457 1652 1639 1721; x_wconf 58' lang='grc' dir='ltr'><strong><em>ξἡμεῖς</em></strong></span> <span class='ocrx_word' id='word_1_133' title='bbox 1685 1652 1805 1721; x_wconf 87' lang='grc' dir='ltr'><strong><em>μέν,</em></strong></span> 
     </span>
     <span class='ocr_line' id='line_1_19' title="bbox 119 1734 1804 1811; baseline 0 -17"><span class='ocrx_word' id='word_1_134' title='bbox 119 1738 162 1794; x_wconf 82' lang='grc' dir='ltr'><em>ὦ</em></span> <span class='ocrx_word' id='word_1_135' title='bbox 203 1743 506 1811; x_wconf 83' lang='grc' dir='ltr'><strong><em>μιαρώτατε</em></strong></span> <span class='ocrx_word' id='word_1_136' title='bbox 553 1742 817 1809; x_wconf 76' lang='grc' dir='ltr'><strong><em>τύραννε,</em></strong></span> <span class='ocrx_word' id='word_1_137' title='bbox 864 1742 956 1794; x_wconf 84' lang='grc' dir='ltr'><strong><em>διὰ</em></strong></span> <span class='ocrx_word' id='word_1_138' title='bbox 1002 1743 1258 1794; x_wconf 86' lang='grc' dir='ltr'><strong><em>παιδείαν</em></strong></span> <span class='ocrx_word' id='word_1_139' title='bbox 1297 1740 1388 1794; x_wconf 85' lang='grc' dir='ltr'><strong><em>καὶ</em></strong></span> <span class='ocrx_word' id='word_1_140' title='bbox 1414 1734 1625 1810; x_wconf 60' lang='grc' dir='ltr'><strong><em>Υἀρετὴν</em></strong></span> <span class='ocrx_word' id='word_1_141' title='bbox 1662 1746 1804 1794; x_wconf 82' lang='grc' dir='ltr'><strong><em>θεοῦ</em></strong></span> 
     </span>
     <span class='ocr_line' id='line_1_20' title="bbox 116 1827 1805 1898; baseline 0 -16"><span class='ocrx_word' id='word_1_142' title='bbox 116 1839 286 1883; x_wconf 87' lang='grc' dir='ltr'><strong><em>ταῦτα</em></strong></span> <span class='ocrx_word' id='word_1_143' title='bbox 324 1830 630 1898; x_wconf 87' lang='grc' dir='ltr'><strong><em>πάσχομεν·</em></strong></span> <span class='ocrx_word' id='word_1_144' title='bbox 676 1832 744 1882; x_wconf 90' lang='grc' dir='ltr'><strong><em>σὺ</em></strong></span> <span class='ocrx_word' id='word_1_145' title='bbox 787 1827 848 1882; x_wconf 78' lang='grc' dir='ltr'><strong><em>δὲ</em></strong></span> <span class='ocrx_word' id='word_1_146' title='bbox 890 1830 982 1881; x_wconf 83' lang='grc' dir='ltr'><strong><em>διὰ</em></strong></span> <span class='ocrx_word' id='word_1_147' title='bbox 1019 1830 1120 1897; x_wconf 85' lang='grc' dir='ltr'><strong><em>τὴν</em></strong></span> <span class='ocrx_word' id='word_1_148' title='bbox 1159 1828 1414 1897; x_wconf 88' lang='grc' dir='ltr'><strong><em>ἀσέβειαν</em></strong></span> <span class='ocrx_word' id='word_1_149' title='bbox 1452 1828 1543 1882; x_wconf 85' lang='grc' dir='ltr'><strong><em>καὶ</em></strong></span> <span class='ocrx_word' id='word_1_150' title='bbox 1582 1849 1805 1898; x_wconf 90' lang='grc' dir='ltr'><strong><em>μιαιφο-</em></strong></span> 
     </span>
     <span class='ocr_line' id='line_1_21' title="bbox 50 1917 1399 1987; baseline 0.001 -18"><span class='ocrx_word' id='word_1_151' title='bbox 50 1938 94 1969; x_wconf 83' lang='lat'><strong><em>20</em></strong></span> <span class='ocrx_word' id='word_1_152' title='bbox 117 1921 245 1971; x_wconf 92' lang='grc' dir='ltr'><strong><em>νίαν</em></strong></span> <span class='ocrx_word' id='word_1_153' title='bbox 283 1918 658 1980; x_wconf 89' lang='grc' dir='ltr'><strong><em>ἀκαταλύτους</em></strong></span> <span class='ocrx_word' id='word_1_154' title='bbox 695 1920 1048 1987; x_wconf 85' lang='grc' dir='ltr'><strong><em>καρτερήσεις</em></strong></span> <span class='ocrx_word' id='word_1_155' title='bbox 1087 1917 1399 1985; x_wconf 76' lang='grc' dir='ltr'><strong><em>βασάνουςῖ</em></strong></span> 
     </span>
     <span class='ocr_line' id='line_1_22' title="bbox 229 2005 1805 2075; baseline 0 -17"><span class='ocrx_word' id='word_1_156' title='bbox 229 2007 410 2074; x_wconf 80' lang='grc'>&lt;129&gt;</span> <span class='ocrx_word' id='word_1_157' title='bbox 448 2005 539 2059; x_wconf 87' lang='grc' dir='ltr'><strong><em>καὶ</em></strong></span> <span class='ocrx_word' id='word_1_158' title='bbox 577 2006 777 2059; x_wconf 92' lang='grc' dir='ltr'><strong><em>τούτου</em></strong></span> <span class='ocrx_word' id='word_1_159' title='bbox 818 2009 1093 2068; x_wconf 79' lang='grc' dir='ltr'><strong><em>θανόντος</em></strong></span> <span class='ocrx_word' id='word_1_160' title='bbox 1131 2005 1560 2075; x_wconf 86' lang='grc' dir='ltr'><strong><em>ἀδελφοπρεπῶς</em></strong></span> <span class='ocrx_word' id='word_1_161' title='bbox 1593 2007 1690 2059; x_wconf 90' lang='grc' dir='ltr'><strong><em>τὸν</em></strong></span> <span class='ocrx_word' id='word_1_162' title='bbox 1722 2005 1805 2059; x_wconf 87' lang='grc' dir='ltr'><strong><em>τέ-</em></strong></span> 
     </span>
     <span class='ocr_line' id='line_1_23' title="bbox 116 2092 1805 2164; baseline 0 -17"><span class='ocrx_word' id='word_1_163' title='bbox 116 2114 318 2163; x_wconf 86' lang='grc' dir='ltr'><strong><em>ταρτον</em></strong></span> <span class='ocrx_word' id='word_1_164' title='bbox 350 2094 680 2163; x_wconf 84' lang='grc' dir='ltr'><strong><em>ἐπεσπῶντο,</em></strong></span> <span class='ocrx_word' id='word_1_165' title='bbox 721 2093 973 2162; x_wconf 90' lang='grc' dir='ltr'><strong><em>λέγοντες</em></strong></span> <span class='ocrx_word' id='word_1_166' title='bbox 1012 2094 1103 2163; x_wconf 65' lang='grc' dir='ltr'><strong><em>εμὴ</em></strong></span> <span class='ocrx_word' id='word_1_167' title='bbox 1138 2102 1426 2164; x_wconf 77' lang='grc' dir='ltr'><strong><em>συμμανῇς</em></strong></span> <span class='ocrx_word' id='word_1_168' title='bbox 1462 2092 1552 2147; x_wconf 87' lang='grc' dir='ltr'><strong><em>καὶ</em></strong></span> <span class='ocrx_word' id='word_1_169' title='bbox 1585 2097 1655 2147; x_wconf 87' lang='grc' dir='ltr'><strong><em>σὺ</em></strong></span> <span class='ocrx_word' id='word_1_170' title='bbox 1686 2104 1805 2157; x_wconf 90' lang='grc' dir='ltr'><strong><em>τοῖς</em></strong></span> 
     </span>
     <span class='ocr_line' id='line_1_24' title="bbox 116 2180 1804 2252; baseline -0.001 -16"><span class='ocrx_word' id='word_1_171' title='bbox 116 2183 379 2252; x_wconf 85' lang='grc' dir='ltr'><strong><em>ἀδελφοῖς</em></strong></span> <span class='ocrx_word' id='word_1_172' title='bbox 418 2198 520 2236; x_wconf 90' lang='grc' dir='ltr'><strong><em>σου</em></strong></span> <span class='ocrx_word' id='word_1_173' title='bbox 559 2184 660 2251; x_wconf 90' lang='grc' dir='ltr'><strong><em>τὴν</em></strong></span> <span class='ocrx_word' id='word_1_174' title='bbox 699 2182 871 2250; x_wconf 84' lang='grc' dir='ltr'><strong><em>αὐτὴν</em></strong></span> <span class='ocrx_word' id='word_1_175' title='bbox 911 2183 1149 2251; x_wconf 81' lang='grc' dir='ltr'><strong><em>μανίαν.’</em></strong></span> <span class='ocrx_word' id='word_1_176' title='bbox 1219 2183 1401 2251; x_wconf 86' lang='lat'>&lt;130&gt;</span> <span class='ocrx_word' id='word_1_177' title='bbox 1445 2182 1474 2236; x_wconf 88' lang='grc' dir='ltr'><em>ὃ</em></span> <span class='ocrx_word' id='word_1_178' title='bbox 1517 2180 1577 2235; x_wconf 75' lang='grc' dir='ltr'><strong><em>δὲ</em></strong></span> <span class='ocrx_word' id='word_1_179' title='bbox 1617 2182 1804 2245; x_wconf 89' lang='grc' dir='ltr'><strong><em>αὐτοῖς</em></strong></span> 
     </span>
     <span class='ocr_line' id='line_1_25' title="bbox 117 2269 1802 2341; baseline 0.001 -17"><span class='ocrx_word' id='word_1_180' title='bbox 117 2275 220 2341; x_wconf 86' lang='grc' dir='ltr'><strong><em>ἔφη</em></strong></span> <span class='ocrx_word' id='word_1_181' title='bbox 263 2271 383 2340; x_wconf 61' lang='grc' dir='ltr'><strong><em>εοὐχ</em></strong></span> <span class='ocrx_word' id='word_1_182' title='bbox 423 2272 567 2324; x_wconf 82' lang='grc' dir='ltr'><strong><em>οὕτω</em></strong></span> <span class='ocrx_word' id='word_1_183' title='bbox 606 2272 1043 2339; x_wconf 86' lang='grc' dir='ltr'><strong><em>καυστικώτερον</em></strong></span> <span class='ocrx_word' id='word_1_184' title='bbox 1084 2274 1229 2341; x_wconf 81' lang='grc' dir='ltr'><strong><em>ἔχετε</em></strong></span> <span class='ocrx_word' id='word_1_185' title='bbox 1267 2269 1387 2323; x_wconf 87' lang='grc' dir='ltr'><strong><em>κατ’</em></strong></span> <span class='ocrx_word' id='word_1_186' title='bbox 1417 2270 1552 2339; x_wconf 85' lang='grc' dir='ltr'><strong><em>ἐμοῦ</em></strong></span> <span class='ocrx_word' id='word_1_187' title='bbox 1591 2273 1652 2324; x_wconf 90' lang='grc' dir='ltr'><strong><em>τὸ</em></strong></span> <span class='ocrx_word' id='word_1_188' title='bbox 1691 2280 1802 2339; x_wconf 87' lang='grc' dir='ltr'><strong><em>πῦρ</em></strong></span> 
     </span>
     <span class='ocr_line' id='line_1_26' title="bbox 47 2359 1802 2428; baseline 0 -17"><span class='ocrx_word' id='word_1_189' title='bbox 47 2379 91 2411; x_wconf 85' lang='lat'><strong><em>25</em></strong></span> <span class='ocrx_word' id='word_1_190' title='bbox 116 2361 254 2413; x_wconf 81' lang='grc' dir='ltr'><strong><em>ὥστε</em></strong></span> <span class='ocrx_word' id='word_1_191' title='bbox 307 2379 371 2428; x_wconf 93' lang='grc' dir='ltr'><strong><em>με</em></strong></span> <span class='ocrx_word' id='word_1_192' title='bbox 425 2360 830 2428; x_wconf 86' lang='grc' dir='ltr'><strong><em>δειλανδρῆσαι.</em></strong></span> <span class='ocrx_word' id='word_1_193' title='bbox 909 2360 982 2427; x_wconf 83' lang='grc' dir='ltr'><strong><em>μὰ</em></strong></span> <span class='ocrx_word' id='word_1_194' title='bbox 1028 2361 1127 2412; x_wconf 91' lang='grc' dir='ltr'><strong><em>τὸν</em></strong></span> <span class='ocrx_word' id='word_1_195' title='bbox 1173 2359 1444 2427; x_wconf 90' lang='grc' dir='ltr'><strong><em>μακάριον</em></strong></span> <span class='ocrx_word' id='word_1_196' title='bbox 1489 2367 1599 2411; x_wconf 91' lang='grc' dir='ltr'><strong><em>τῶν</em></strong></span> <span class='ocrx_word' id='word_1_197' title='bbox 1645 2359 1802 2412; x_wconf 88' lang='grc' dir='ltr'><strong><em>ἀδελ-</em></strong></span> 
     </span>
     <span class='ocr_line' id='line_1_27' title="bbox 115 2446 1803 2518; baseline -0.001 -16"><span class='ocrx_word' id='word_1_198' title='bbox 115 2459 239 2518; x_wconf 91' lang='grc' dir='ltr'><strong><em>φῶν</em></strong></span> <span class='ocrx_word' id='word_1_199' title='bbox 275 2468 383 2518; x_wconf 92' lang='grc' dir='ltr'><strong><em>μου</em></strong></span> <span class='ocrx_word' id='word_1_200' title='bbox 422 2448 671 2501; x_wconf 89' lang='grc' dir='ltr'><strong><em>θάνατον</em></strong></span> <span class='ocrx_word' id='word_1_201' title='bbox 707 2446 798 2500; x_wconf 88' lang='grc' dir='ltr'><strong><em>καὶ</em></strong></span> <span class='ocrx_word' id='word_1_202' title='bbox 836 2449 935 2500; x_wconf 92' lang='grc' dir='ltr'><strong><em>τὸν</em></strong></span> <span class='ocrx_word' id='word_1_203' title='bbox 966 2449 1197 2501; x_wconf 83' lang='grc' dir='ltr'><strong><em>αἰώνιον</em></strong></span> <span class='ocrx_word' id='word_1_204' title='bbox 1227 2456 1326 2500; x_wconf 92' lang='grc' dir='ltr'><strong><em>τοῦ</em></strong></span> <span class='ocrx_word' id='word_1_205' title='bbox 1365 2447 1643 2516; x_wconf 89' lang='grc' dir='ltr'><strong><em>τυράννου</em></strong></span> <span class='ocrx_word' id='word_1_206' title='bbox 1684 2449 1803 2500; x_wconf 82' lang='grc' dir='ltr'><strong><em>ὄλε-</em></strong></span> 
     </span>
     <span class='ocr_line' id='line_1_28' title="bbox 112 2534 1801 2607; baseline -0.002 -17"><span class='ocrx_word' id='word_1_207' title='bbox 112 2543 260 2607; x_wconf 87' lang='grc' dir='ltr'><strong><em>θρον</em></strong></span> <span class='ocrx_word' id='word_1_208' title='bbox 298 2535 389 2590; x_wconf 90' lang='grc' dir='ltr'><strong><em>και</em></strong></span> <span class='ocrx_word' id='word_1_209' title='bbox 428 2538 527 2590; x_wconf 91' lang='grc' dir='ltr'><strong><em>τὸν</em></strong></span> <span class='ocrx_word' id='word_1_210' title='bbox 565 2536 824 2604; x_wconf 87' lang='grc' dir='ltr'><strong><em>ἀοίδιμον</em></strong></span> <span class='ocrx_word' id='word_1_211' title='bbox 864 2545 973 2588; x_wconf 87' lang='grc' dir='ltr'><strong><em>τῶν</em></strong></span> <span class='ocrx_word' id='word_1_212' title='bbox 1013 2536 1257 2604; x_wconf 88' lang='grc' dir='ltr'><strong><em>εὐσεβῶν</em></strong></span> <span class='ocrx_word' id='word_1_213' title='bbox 1297 2538 1441 2604; x_wconf 91' lang='grc' dir='ltr'><strong><em>βίον,</em></strong></span> <span class='ocrx_word' id='word_1_214' title='bbox 1490 2535 1591 2588; x_wconf 87' lang='grc' dir='ltr'><strong><em>οὐκ</em></strong></span> <span class='ocrx_word' id='word_1_215' title='bbox 1634 2534 1801 2602; x_wconf 87' lang='grc' dir='ltr'><strong><em>ἀρνή-</em></strong></span> 
     </span>
     <span class='ocr_line' id='line_1_29' title="bbox 114 2623 1800 2695; baseline -0.002 -15"><span class='ocrx_word' id='word_1_216' title='bbox 114 2642 279 2695; x_wconf 87' lang='grc' dir='ltr'><strong><em>σομαι</em></strong></span> <span class='ocrx_word' id='word_1_217' title='bbox 318 2626 420 2694; x_wconf 80' lang='grc' dir='ltr'><strong><em>τὴν</em></strong></span> <span class='ocrx_word' id='word_1_218' title='bbox 459 2625 656 2693; x_wconf 82' lang='grc' dir='ltr'><strong><em>εὐγενῆ</em></strong></span> <span class='ocrx_word' id='word_1_219' title='bbox 698 2623 1056 2692; x_wconf 89' lang='grc' dir='ltr'><strong><em>ἀδελφότητα.</em></strong></span> <span class='ocrx_word' id='word_1_220' title='bbox 1117 2623 1300 2692; x_wconf 83' lang='lat'>&lt;131&gt;</span> <span class='ocrx_word' id='word_1_221' title='bbox 1340 2623 1548 2676; x_wconf 91' lang='grc' dir='ltr'><strong><em>ἐπινόει</em></strong></span> <span class='ocrx_word' id='word_1_222' title='bbox 1581 2643 1800 2691; x_wconf 89' lang='grc' dir='ltr'><strong><em>τοιγαρ-</em></strong></span> 
     </span>
     <span class='ocr_line' id='line_1_30' title="bbox 114 2703 1801 2783; baseline -0.002 -16"><span class='ocrx_word' id='word_1_223' title='bbox 114 2703 235 2782; x_wconf 88' lang='grc' dir='ltr'><strong><em>οῦν,</em></strong></span> <span class='ocrx_word' id='word_1_224' title='bbox 282 2710 325 2766; x_wconf 85' lang='grc' dir='ltr'><em>ὦ</em></span> <span class='ocrx_word' id='word_1_225' title='bbox 363 2715 627 2783; x_wconf 86' lang='grc' dir='ltr'><strong><em>τύραννε,</em></strong></span> <span class='ocrx_word' id='word_1_226' title='bbox 677 2712 978 2781; x_wconf 84' lang='grc' dir='ltr'><strong><em>βασάνους,</em></strong></span> <span class='ocrx_word' id='word_1_227' title='bbox 1026 2713 1118 2765; x_wconf 83' lang='grc' dir='ltr'><strong><em>ἴνα</em></strong></span> <span class='ocrx_word' id='word_1_228' title='bbox 1156 2710 1247 2765; x_wconf 87' lang='grc' dir='ltr'><strong><em>καὶ</em></strong></span> <span class='ocrx_word' id='word_1_229' title='bbox 1288 2710 1365 2764; x_wconf 81' lang='grc' dir='ltr'><strong><em>δι’</em></strong></span> <span class='ocrx_word' id='word_1_230' title='bbox 1394 2709 1579 2764; x_wconf 91' lang='grc' dir='ltr'><strong><em>αὐτῶν</em></strong></span> <span class='ocrx_word' id='word_1_231' title='bbox 1617 2712 1801 2783; x_wconf 82' lang='grc' dir='ltr'><strong><em>μάθῃς</em></strong></span> 
     </span>
     <span class='ocr_line' id='line_1_31' title="bbox 43 2799 1799 2871; baseline 0 -18"><span class='ocrx_word' id='word_1_232' title='bbox 43 2822 90 2854; x_wconf 81' lang='lat'><strong><em>30</em></strong></span> <span class='ocrx_word' id='word_1_233' title='bbox 114 2803 198 2855; x_wconf 84' lang='grc' dir='ltr'><strong><em>ὅτι</em></strong></span> <span class='ocrx_word' id='word_1_234' title='bbox 230 2802 472 2871; x_wconf 88' lang='grc' dir='ltr'><strong><em>ἀδελφός</em></strong></span> <span class='ocrx_word' id='word_1_235' title='bbox 502 2804 613 2871; x_wconf 88' lang='grc' dir='ltr'><strong><em>είμι</em></strong></span> <span class='ocrx_word' id='word_1_236' title='bbox 644 2811 756 2854; x_wconf 88' lang='grc' dir='ltr'><strong><em>τῶν</em></strong></span> <span class='ocrx_word' id='word_1_237' title='bbox 783 2799 1381 2870; x_wconf 59' lang='grc' dir='ltr'><strong><em>προβασανισθέντωνῖ</em></strong></span> <span class='ocrx_word' id='word_1_238' title='bbox 1423 2801 1606 2869; x_wconf 76' lang='grc'>&lt;132&gt;</span> <span class='ocrx_word' id='word_1_239' title='bbox 1630 2808 1799 2853; x_wconf 87' lang='grc' dir='ltr'><strong><em>ταῦτα</em></strong></span> 
     </span>
     <span class='ocr_line' id='line_1_32' title="bbox 114 2888 1802 2960; baseline -0.001 -16"><span class='ocrx_word' id='word_1_240' title='bbox 114 2891 354 2954; x_wconf 87' lang='grc' dir='ltr'><strong><em>ἀκούσας</em></strong></span> <span class='ocrx_word' id='word_1_241' title='bbox 390 2892 418 2946; x_wconf 88' lang='grc' dir='ltr'>ὁ</span> <span class='ocrx_word' id='word_1_242' title='bbox 456 2893 753 2960; x_wconf 74' lang='grc' dir='ltr'><strong><em>αἰμοβόρος</em></strong></span> <span class='ocrx_word' id='word_1_243' title='bbox 790 2888 881 2943; x_wconf 83' lang='grc' dir='ltr'><strong><em>καὶ</em></strong></span> <span class='ocrx_word' id='word_1_244' title='bbox 918 2891 1178 2959; x_wconf 86' lang='grc' dir='ltr'><strong><em>φονώδης</em></strong></span> <span class='ocrx_word' id='word_1_245' title='bbox 1215 2888 1305 2942; x_wconf 86' lang='grc' dir='ltr'><strong><em>καὶ</em></strong></span> <span class='ocrx_word' id='word_1_246' title='bbox 1345 2889 1802 2958; x_wconf 83' lang='grc' dir='ltr'><strong><em>παμμιαρώτατος</em></strong></span> 
     </span>
    </p>
   </div>
  </div>
 </body>
</html>
