2032 3128
694 136 903 178 ΑοΓοΣ
934 136 1254 177 ΠΡοΤΕΡοΣ
1714 131 1819 185 229

141 272 202 322 τὸ
250 268 407 337 γένος
452 267 862 337 Ἡλιοπολίτης,
917 270 1091 336 ὄνομα
1139 265 1405 338 Ὀσαρσὶφ
1461 268 1567 322 ἀπὸ
1614 277 1713 322 τοῦ
1761 267 1821 321 ἐν

134 356 484 410 ἹῚλιουπόλει
533 361 673 409 θεοῦ
719 355 997 426 Ὀσίρεως,
1051 356 1124 419 ὡς
1177 355 1372 425 μετέβη
1427 358 1505 418 εἰς
1550 365 1714 410 τοῦτο
1760 359 1821 410 τὸ

141 444 315 512 γένος,
360 442 620 513 μετετέθη
662 445 906 513 τοῦνομα
943 442 1035 497 καὶ
1073 445 1498 514 προσηγορεύθη
1538 444 1821 513 Μωυσῆςῖ

251 533 429 600 (251)
484 532 516 585 ἃ
570 531 672 601 μὲν
725 529 829 586 οὗν
880 533 1176 599 Αἰγύπτιοι
1236 532 1470 602 φέρουσι
1530 532 1657 602 περὶ
1709 542 1821 587 τῶν
1853 547 1909 586 27

95 619 438 687 5Ἰουδαίων,
491 619 652 674 ταῦτ’
691 619 803 674 ἐστὶ
857 619 948 674 καὶ
1000 619 1153 688 ἕτερα
1202 623 1453 688 πλείονα,
1508 621 1542 673 ἃ
1594 625 1826 691 παρίημι

141 713 436 778 συντομίας
471 709 645 762 ἕνεκα.
715 708 863 778 λέγει
896 706 958 762 δὲ
989 709 1018 763 ὁ
1050 710 1339 762 Μανεθὼν
1371 710 1538 762 πάλιν
1570 709 1655 762 ὅτι
1694 711 1826 779 μετὰ

139 796 290 850 ταῦτ’
324 796 565 865 ἐπῆλθεν
606 797 635 850 ὁ
677 795 981 866 Ἀμένωφις
1026 794 1120 848 ἀπ’
1152 799 1454 860 Αἰθιοπίας
1492 798 1625 866 μετὰ
1663 799 1826 867 μεγά-

140 891 238 955 λης
286 885 599 954 δυνάμεως,
643 884 735 938 καὶ
782 886 812 939 ὁ
857 886 979 948 υίὸς
1024 885 1196 938 αὐτοῦ
1242 883 1481 954 Ῥάμψης
1526 884 1616 939 καὶ
1665 886 1828 949 αὐτὸς

139 977 280 1044 ἔχων
328 975 588 1042 δύναμιν,
641 972 732 1027 καὶ
780 975 1152 1043 συμβαλόντες
1198 974 1256 1026 οἱ
1298 974 1401 1028 δύο
1448 982 1563 1037 τοῖς
1606 973 1827 1043 ποιμέσι

73 1087 116 1117 10
139 1061 230 1116 καὶ
275 1071 390 1125 τοῖς
436 1072 655 1132 μιαροῖς
703 1062 962 1130 ἐνίκησαν
1009 1061 1234 1130 αὐτούς,
1280 1060 1372 1115 καὶ
1417 1066 1658 1126 πολλοὺς
1695 1062 1827 1117 ἀπο-

136 1154 447 1213 κτείναντες
480 1150 713 1215 ἐδίωξαν
745 1151 947 1214 αὐτοὺς
978 1151 1104 1221 ἄχρι
1135 1160 1245 1203 τῶν
1276 1151 1446 1217 ὁρίων
1477 1158 1573 1221 τῆς
1600 1155 1828 1220 Συρίας.

138 1240 319 1307 <252>
359 1247 528 1292 ταῦτα
576 1236 676 1308 μὲν
716 1237 806 1291 καὶ
853 1240 918 1291 τὰ
963 1246 1189 1292 τοιαῦτα
1228 1239 1520 1292 Μανεθὼν
1559 1238 1828 1310 συνέγρα-

136 1338 266 1393 ww·
314 1328 398 1381 ὅτι
440 1327 502 1381 δὲ
540 1333 699 1397 ληρεῖ
743 1325 834 1380 καὶ
880 1329 1141 1389 ψεύδεται
1192 1336 1510 1397 περιφανῶς
1555 1326 1829 1396 ἐπιδείξω,

136 1417 696 1485 προδιαστειλάμενος
749 1415 927 1469 ἐκεῖνο
982 1425 1093 1469 τῶν
1147 1416 1382 1486 ὕστερον
1435 1418 1573 1486 πρὸς
1626 1417 1830 1479 ἄλλους

73 1530 112 1560 15
138 1504 567 1576 λεχθησομένων
623 1504 796 1558 ἕνεκα.
886 1504 1091 1557 δέδωκε
1154 1506 1258 1574 γὰρ
1322 1501 1483 1568 οὗτος
1543 1504 1675 1574 ἡμῖν
1737 1503 1828 1558 καὶ

137 1595 491 1663 ὡμολόγηκεν
523 1592 577 1658 ἐξ
609 1593 780 1663 ἀρχῆς
809 1594 870 1646 τὸ
904 1594 976 1662 μὴ
1009 1589 1152 1646 εἶναι
1184 1595 1244 1646 τὸ
1278 1592 1439 1661 γένος
1470 1595 1829 1662 Αἰγυπτίους,

136 1682 255 1735 ἀλλ’
284 1682 486 1744 αὐτοὺς
516 1680 726 1744 ἔξωθεν
752 1681 1091 1744 ἐπελθόντας
1121 1688 1386 1750 κρατῆσαι
1417 1690 1513 1751 τῆς
1535 1683 1828 1751 Αἰγύπτου

136 1769 225 1824 καὶ
272 1771 439 1823 πάλιν
479 1770 534 1833 ἐξ
582 1769 748 1838 αὐτῆς
787 1769 1079 1822 ἀπελθεῖν·
1131 1769 1315 1839 <253>
1355 1770 1440 1823 ὅτι
1480 1770 1524 1823 δ’
1566 1770 1668 1825 οὐκ
1706 1769 1829 1824 ἄνε-

137 1863 418 1928 μίχθησαν
456 1859 589 1927 ἡμῖν
628 1858 863 1927 ὕστερον
902 1867 1012 1911 τῶν
1049 1860 1370 1926 Αἰγυπτίων
1410 1859 1469 1912 οί
1501 1859 1567 1912 τὰ
1606 1860 1829 1928 σώματα

14 1935 19 1937 α
71 1971 113 2002 20
138 1946 536 2017 λελωβημένοι,
590 1946 680 2011 καὶ
735 1947 820 1999 ὅτι
867 1946 927 1999 ἐκ
972 1948 1201 2000 τούτων
1234 1947 1336 2000 οὐκ
1384 1942 1455 2015 ἧν
1500 1950 1752 2016 Μωυσῆς
1799 1947 1828 2000 ὁ

135 2039 233 2090 τὸν
265 2038 403 2090 λαὸν
435 2036 678 2104 ἀγαγών,
719 2035 856 2088 ἀλλὰ
895 2039 1123 2098 πολλαῖς
1160 2035 1404 2104 ἐγεγόνει
1443 2045 1657 2105 γενεαῖς
1695 2039 1829 2107 πρό-

135 2146 316 2195 τερον,
362 2134 531 2179 ταῦτα
577 2125 908 2195 πειράσομαι
956 2125 1047 2177 διὰ
1095 2133 1207 2178 τῶν
1253 2122 1349 2178 ὑπ’
1387 2124 1560 2178 αὐτοῦ
1606 2124 1829 2194 λεγομέ-

136 2235 251 2268 νων
291 2213 550 2282 ἐλέγχειν.

250 2303 431 2371 <254>
470 2303 692 2370 πρώτην
733 2303 800 2370 δὴ
840 2302 942 2370 τὴν
983 2303 1163 2354 αἰτίαν
1204 2310 1302 2355 τοῦ
1339 2302 1654 2372 πλάσματος
1691 2302 1826 2356 ὑπο-

72 2414 114 2446 25
137 2395 349 2444 τίθεται
389 2390 809 2459 καταγέλαστον.
879 2390 935 2443 (ὁ
974 2390 1257 2459 βασιλεύς’
1297 2391 1402 2462 γάρ
1441 2405 1615 2460 φησιν
1649 2388 1828 2460 εἈμέ-

138 2500 315 2550 νωφις
355 2479 667 2548 ἐπεθύμησε
712 2481 842 2542 τοὺς
886 2481 1056 2542 θεοὺς
1095 2479 1271 2532 ἰδεῖν.’
1348 2483 1568 2543 ποίους;
1630 2482 1681 2532 εί
1726 2477 1828 2549 μὲν

137 2571 265 2631 τοὺς
294 2566 422 2637 παρ’
448 2568 636 2630 αὐτοῖς
666 2565 1230 2637 νενομοθετημένους,
1268 2569 1366 2621 τὸν
1398 2571 1539 2637 βοῦν
1570 2566 1662 2621 καὶ
1700 2569 1828 2639 τρά-

139 2677 240 2724 γον
276 2655 368 2709 καὶ
406 2657 797 2727 κροκοδείλους
834 2654 926 2709 καὶ
963 2656 1394 2726 κυνοκεφάλους,
1436 2654 1604 2725 ἑώρα·
1644 2655 1827 2727 <255>

137 2749 267 2807 τοὺς
313 2732 630 2815 οὐρανίουςμ
655 2741 716 2797 δὲ
762 2754 877 2808 πῶς
924 2745 1191 2814 ἠδύνατο;
1242 2743 1334 2798 καὶ
1382 2746 1474 2798 διὰ
1520 2748 1579 2797 τί
1621 2746 1828 2814 ταύτην

72 2856 114 2887 30
141 2837 261 2904 ἔσχε
300 2835 402 2903 τὴν
443 2833 770 2903 ἐπιθυμίαν;
817 2833 900 2887 ὅτι
946 2835 1016 2903 νὴ
1056 2836 1168 2886 Δία
1214 2831 1305 2887 καὶ
1352 2836 1616 2905 πρότερος
1655 2834 1828 2887 αὐτοῦ

137 2924 398 2991 βασιλεὺς
430 2923 595 2985 ἄλλος
628 2920 871 2990 ἑωράκει.
931 2919 1059 2989 παρ’
1083 2921 1298 2976 ἐκείνου
1331 2924 1524 2975 τοίνυν
1557 2921 1826 2976 ἐπέπυστο

1860 2318 1914 2357 28
