2032 3128
0 123 1 189 ᾖ
721 112 932 154 ΛΟΓΟΣ
962 113 1164 154 ΕΚΤΟΣ
1673 110 1775 162 101

103 245 283 312 <209>
315 242 523 306 εὐθέως
562 243 611 296 δ’
651 245 710 297 οἱ
744 243 1062 298 στασιασταὶ
1092 252 1364 314 παρῆσαν,
1401 242 1491 297 καὶ
1523 251 1618 313 τῆς
1650 244 1781 297 ἀθε-

101 336 260 401 μίτου
314 335 503 401 κνίσης
556 333 859 396 σπάσαντες
907 334 1198 403 ἠπείλουν,
1251 336 1303 386 εἰ
1350 334 1422 402 μὴ
1476 332 1667 397 δείξειε
1718 334 1780 386 τὸ

100 418 582 490 παρασκευασθέν,
629 420 970 489 ἀποσφάξειν
1009 421 1181 488 αὐτὴν
1221 420 1442 484 εὐθέως.
1517 421 1551 489 ἣ
1592 418 1652 473 δὲ
1690 418 1782 474 καὶ

100 518 300 578 μοῖραν
340 508 527 571 αὐτοῖς
565 510 794 562 εἰποῦσα
832 510 1006 578 καλὴν
1036 506 1407 577 τετηρηκέναι,
1445 510 1511 561 τὰ
1550 511 1783 572 λείψανα

59 605 200 650 5τοῦ
245 595 441 650 τέκνου
490 596 801 661 διεκάλυψε.
880 597 1064 666 <210>
1102 598 1231 659 τοὺς
1279 594 1329 648 δ’
1366 595 1577 659 εὐθέως
1614 598 1782 665 φρίκη

99 682 191 737 καὶ
229 693 451 754 φρενῶν
490 685 738 747 ἔκστασις
775 683 916 755 ᾔρει,
960 682 1052 737 καὶ
1090 685 1236 752 παρὰ
1275 685 1376 752 τὴν
1417 685 1549 748 ὄψιν
1591 683 1785 749 ἐπεπή-

99 786 285 840 γεσαν.
359 772 394 840 ἣ
442 771 507 824 δέ
553 771 746 840 “ε’μόν’
799 774 904 841 ἔφη
953 771 1143 825 ετοῦτο
1188 774 1249 825 τὸ
1295 770 1489 824 τέκνον
1534 773 1785 839 γνήσιον,

98 859 190 913 καὶ
243 856 483 931 τοῦργον
538 859 687 929 ε’μόν.
764 861 989 929 φάγετε·
1053 859 1143 913 καὶ
1197 861 1302 929 γὰρ
1357 859 1463 928 ἐγὼ
1517 857 1786 929 βέβρωκα.

100 949 283 1017 <211>
330 949 403 1017 μὴ
452 946 689 1016 γένησθε
740 951 873 1017 μήτε
920 950 1295 1017 μαλακώτεροι
1341 950 1603 1016 γυναικὸς
1652 949 1785 1016 μήτε

34 1057 77 1089 10
102 1035 546 1106 συμπαθέστεροι
596 1039 812 1106 μητρός.
891 1039 942 1089 εἰ
986 1035 1037 1090 δ’
1081 1036 1237 1106 ὑμεῖς
1274 1037 1519 1105 εὐσεβεῖς
1555 1033 1646 1088 καὶ
1684 1036 1786 1103 τὴν
1825 1052 1847 1086 ss

100 1122 238 1192 ε’μὴν
276 1123 693 1195 ἀποστρέφεσθε
730 1128 964 1193 θυσιάν,
1015 1124 1120 1193 ἐγὼ
1168 1122 1269 1194 μὲν
1307 1126 1476 1194 ἥμισυ
1516 1122 1786 1193 βέβρωκα,

98 1210 190 1264 καὶ
240 1214 301 1266 τὸ
352 1215 550 1267 λοιπὸν
601 1212 649 1266 δ’
699 1212 820 1282 ἐμοὶ
870 1214 1140 1283 μεινάτω.’
1220 1214 1401 1282 <212>
1440 1213 1573 1284 μετὰ
1618 1206 1781 1265 ταῦθ’

99 1304 157 1353 οἳ
202 1298 303 1370 μὲν
347 1301 638 1371 τρέμοντες
684 1301 915 1372 ἐξῇσαν,
960 1304 1097 1372 πρὸς
1142 1303 1203 1355 ἓν
1242 1310 1404 1356 τοῦτο
1446 1303 1649 1370 δειλοί,
1695 1298 1787 1353 καὶ

98 1391 256 1457 μόλις
305 1390 503 1458 ταύτης
550 1397 644 1458 τῆς
692 1398 900 1460 τροφῆς
947 1398 1012 1460 τῇ
1065 1389 1228 1460 μητρὶ
1271 1391 1786 1460 παραχωρήσαντες·

33 1497 75 1530 15
100 1474 423 1546 ἀνεπλήσθη
476 1477 523 1530 δ’
572 1477 783 1541 εὐθέως
834 1478 932 1547 ὅλη
985 1487 1086 1532 τοῦ
1133 1480 1343 1547 μύσους
1387 1478 1420 1546 ἡ
1467 1480 1650 1546 πόλις,
1696 1475 1789 1530 καὶ

97 1566 203 1634 πρὸ
245 1565 505 1634 ὀμμάτων
544 1566 770 1629 ἕκαστος
807 1569 869 1620 τὸ
908 1566 1091 1629 πάθος
1129 1567 1429 1636 λαμβάνων
1470 1567 1652 1635 ὥσπερ
1692 1565 1789 1617 αὑ-

97 1660 170 1723 τῷ
229 1651 508 1723 τολμηθὲν
538 1657 829 1726 «ἔφριττεν.
906 1655 1103 1724 <213>
1160 1657 1374 1724 σπουδὴ
1432 1652 1494 1708 δὲ
1546 1663 1657 1707 τῶν
1709 1658 1790 1707 λι-

96 1745 426 1811 μωττόντων
497 1742 585 1796 ἐπὶ
646 1746 743 1797 τὸν
804 1744 1055 1797 θάνατον
1122 1740 1192 1813 ἧν
1213 1785 1228 1813 ,
1297 1742 1388 1798 καὶ
1451 1744 1791 1813 μακαρισμὸς

96 1841 207 1884 τῶν
263 1832 606 1901 φθασάντων
660 1830 793 1903 πρὶν
849 1832 1082 1886 ἀκοῦσαι
1136 1832 1227 1886 καὶ
1282 1832 1599 1886 θεάσασθαι
1651 1831 1791 1884 κακὰ

9 1936 74 1973 ’20
96 1924 410 1989 τηλικαῦτα.
1189 1954 1194 1956 ἡ

211 2009 394 2079 <214>
432 2008 637 2078 ταχέως
685 2007 747 2063 δὲ
793 2008 885 2063 καὶ
914 2007 1201 2079 Ῥωμαίοις
1246 2008 1550 2079 διηγγέλθη
1589 2010 1650 2062 τὸ
1690 2008 1790 2061 πά-

96 2102 216 2159 θος.
278 2106 390 2150 τῶν
432 2095 479 2151 δ’
522 2100 581 2151 οἳ
614 2094 716 2167 μὲν
754 2099 1025 2167 ἠπίστουν
1067 2101 1124 2151 οἳ
1160 2095 1210 2151 δ’
1250 2096 1532 2169 ᾤκτειρον,
1570 2100 1700 2160 τοὺς
1732 2094 1800 2152 δὲ.

96 2187 340 2248 πολλοὺς
394 2188 473 2248 εἰς
526 2196 686 2255 μῖσος
736 2194 838 2240 τοῦ
894 2188 1100 2249 ἔθνους
1155 2188 1536 2257 σφοδρότερον
1587 2184 1791 2255 συνέβη

95 2278 412 2344 προελθεῖν.
466 2274 647 2344 <215>
678 2278 897 2345 Καῖσαρ
941 2274 990 2328 δ’
1031 2274 1351 2343 ἀπελογεῖτο
1389 2274 1481 2328 καὶ
1511 2273 1636 2345 περὶ
1669 2275 1795 2327 τού-

29 2382 72 2415 25
97 2382 196 2416 του
235 2370 311 2433 τῷ
351 2368 496 2435 θεῷ,
537 2364 767 2431 φάσκων
805 2364 953 2433 παρὰ
985 2361 1087 2433 μὲν
1120 2364 1293 2417 αὑτοῦ
1326 2362 1618 2426 Ἰουδαίοις
1649 2364 1794 2431 εἰρή-

97 2471 204 2520 νην
248 2450 342 2504 καὶ
390 2452 731 2521 αὐτονομίαν
779 2455 1174 2521 προτείνεσθαι
1219 2451 1311 2505 καὶ
1356 2452 1581 2506 πάντων
1623 2450 1796 2520 ἀμνή-

97 2542 255 2592 στίαν
310 2549 422 2593 τῶν
476 2537 921 2609 τετολμημένων,
984 2540 1182 2609 <216>
1233 2543 1363 2603 τοὺς
1418 2536 1470 2592 δ’
1520 2537 1643 2592 ἀντὶ
1694 2535 1795 2607 μὲν

38 2627 41 2630 ’
97 2627 359 2696 ὁμονοίας
406 2628 600 2682 στάσιν
641 2627 764 2682 ἀντὶ
805 2626 854 2680 δ’
901 2629 1124 2698 εἰρήνης
1160 2631 1429 2698 πόλεμον,
1477 2629 1584 2698 πρὸ
1624 2629 1796 2696 κόρου

97 2712 158 2770 δὲ
197 2713 289 2768 καὶ
336 2716 605 2785 εὐθηνίας
651 2718 816 2786 λιμὸν
856 2715 1247 2785 αἱρουμένους,
1300 2718 1468 2779 ἰδίαις
1507 2713 1569 2768 δὲ
1607 2713 1797 2786 χερσὶν

29 2823 73 2856 30
99 2802 443 2873 ἀρξαμένους
492 2809 670 2858 καίειν
709 2807 771 2859 τὸ
820 2806 1273 2876 συντηρούμενον
1311 2803 1406 2875 ὑφ’
1446 2804 1604 2874 ἡμῶν
1645 2805 1798 2874 ἱερὸν

98 2891 317 2960 αὐτοῖς,
381 2890 526 2947 εἶναι
587 2892 679 2947 καὶ
733 2894 995 2962 τοιαύτης
1054 2901 1265 2964 τροφῆς
1319 2893 1518 2959 ἀξίους.
1598 2892 1798 2961 (217)
