2032 3128
748 93 959 134 ΛΟΓΟΣ
990 94 1192 135 ΕΚΤΟΣ
1700 93 1728 144 1
1739 93 1765 144 1
1773 93 1808 144 3

123 230 407 294 παίοντας,
476 225 541 288 ἃς
606 224 696 278 καὶ
764 228 1035 295 πρότερον
1102 227 1292 294 φωνὰς
1351 230 1500 293 βοῶν
1564 227 1808 281 διετέλει.

122 315 302 382 <303>
340 317 666 383 νομίσαντες
706 312 752 366 δ’
794 315 853 367 οἱ
894 314 1154 384 ἄρχοντες
1194 314 1325 382 ὅπερ
1365 310 1462 383 ἧν,
1510 316 1808 383 δαιμονιώ-

122 422 283 470 τερον
334 398 476 455 εἶναι
516 403 577 454 τὸ
615 404 820 470 κίνημα
858 400 1117 470 τάνδρός,
1165 401 1470 468 ἀνάγουσιν
1509 403 1680 457 αὐτὸν
1719 402 1805 456 ἐπὶ

121 491 219 543 τὸν
279 491 425 558 παρὰ
479 488 764 558 Ῥωμαίοις
817 491 1081 559 ἔπαρχον,
1150 490 1347 557 <304>
1398 492 1539 542 ἔνθα
1593 490 1807 558 μάστιξι

69 601 91 632 5
117 577 272 647 μέχρι
321 576 529 631 ὀστέων
580 577 902 646 ξαινόμενος
941 574 1070 630 οὔθ’
1111 575 1386 630 ἱκέτευσεν
1426 576 1536 631 οὔτ’
1579 577 1807 645 ἐδάκρυ-

116 680 240 733 σεν,
290 665 418 719 ἀλλ’
461 666 534 728 ὡς
581 664 713 733 ἐνῆν
760 667 994 733 μάλιστα
1040 667 1141 733 τὴν
1189 667 1384 734 φωνὴν
1427 665 1808 734 ὀλοφυρτικῶς

114 757 497 823 παρεγκλίνων
546 755 684 823 πρὸς
731 751 964 821 ἑκάστην
1015 752 1344 821 ἀπεκρίνατο
1395 755 1611 822 πληγήν
1664 754 1812 807 εαἰαῖ

106 840 541 910 Ἱεροσολύμοιςῖ
618 841 817 909 <305>
867 849 966 895 τοῦ
1021 838 1076 894 δ’
1122 839 1383 910 Ἀλβίνου
1437 843 1808 910 διερωτῶντος

113 927 299 1000 (οὗτος
337 931 442 999 γὰρ
483 932 717 1000 ἔπαρχος
754 927 849 1001 ἦν)
889 933 970 992 τίς
1007 927 1054 982 τ’
1091 935 1173 998 εἴη
1214 928 1306 982 καὶ
1343 932 1542 998 πόθεν,
1579 928 1670 982 καὶ
1713 931 1805 983 διὰ

46 1043 88 1074 ιο
112 1022 169 1071 τί
202 1027 371 1072 ταῦτα
410 1016 740 1087 φθέγγοιτο,
780 1020 915 1086 πρὸς
955 1025 1124 1071 ταῦτα
1164 1015 1266 1086 μὲν
1306 1016 1425 1071 οὐδ’
1475 1018 1666 1072 ὁτιοῦν
1705 1018 1805 1071 ἀπ-

110 1110 393 1176 εκρίνατο,
437 1109 536 1160 τὸν
583 1104 632 1159 δ’
681 1105 769 1159 ἐπὶ
808 1114 872 1176 τῇ
912 1108 1068 1160 πόλει
1114 1111 1334 1175 θρῆνον
1381 1111 1547 1176 εἴρων
1587 1106 1654 1160 οὐ
1695 1105 1805 1160 διέ-

110 1200 286 1264 λειπε,
339 1194 498 1265 μέχρι
544 1197 852 1263 καταγνοὺς
903 1198 1107 1264 μανίαν
1158 1195 1188 1248 ὁ
1230 1193 1482 1262 Ἀλβῖνος
1531 1194 1803 1248 ἀπέλυσεν

109 1284 294 1338 αὐτόν.
370 1284 551 1352 <306>
597 1283 626 1336 ὃ
679 1281 740 1336 δὲ
795 1285 892 1336 τὸν
943 1282 1101 1353 μέχρι
1152 1292 1255 1336 τοῦ
1303 1282 1549 1352 πολέμου
1597 1286 1804 1354 χρόνον

109 1373 235 1425 οὔτε
266 1371 496 1443 προσῄει
527 1370 638 1425 τινὶ
669 1381 781 1424 τῶν
811 1375 1053 1425 πολιτῶν
1086 1370 1204 1425 οὔτ’
1242 1373 1407 1441 ὤφθη
1434 1376 1631 1439 λαλῶν,
1664 1371 1803 1425 ἀλλὰ

42 1485 84 1516 15
109 1459 237 1514 καθ’
286 1460 499 1529 ἡμέραν
538 1461 720 1528 ὥσπερ
760 1460 931 1530 εὐχὴν
977 1461 1350 1529 μεμελετηκώς
1397 1460 1543 1513 (αἰαῖ
1569 1458 1803 1529 Ἱεροσο-

109 1549 328 1618 λύμοις’
370 1549 614 1619 ἐθρήνει.
692 1549 876 1617 <307>
915 1549 1042 1602 οὔτε
1082 1548 1149 1602 δέ
1183 1569 1294 1601 τινι
1332 1558 1445 1602 τῶν
1482 1552 1802 1603 τυπτόντων

107 1637 279 1691 αὐτὸν
326 1637 591 1708 ὁσημέραι
637 1645 934 1707 κατηρᾶτο,
986 1639 1112 1691 οὔτε
1160 1641 1290 1701 τοὺς
1335 1645 1545 1707 τροφῆς
1584 1640 1802 1707 μεταδι-

107 1728 308 1789 δόντας
346 1726 589 1795 εὐλόγει,
638 1730 736 1795 μία
777 1724 839 1780 δὲ
885 1729 1024 1796 πρὸς
1061 1727 1270 1789 πάντας
1307 1722 1379 1794 ἦν
1418 1726 1451 1794 ἡ
1493 1728 1800 1796 σκυθρωπὴ

105 1815 327 1885 κλῃδὼν
358 1814 671 1885 ἀπόκρισις,
720 1816 955 1884 μάλιστα
988 1813 1037 1867 δ’
1077 1814 1138 1868 ἐν
1174 1824 1291 1878 ταῖς
1330 1813 1543 1885 ἑορταῖς
1583 1814 1802 1883 ἐκεκρά-

36 1928 79 1959 20
104 1923 203 1971 γει.
279 1905 463 1973 <308>
511 1903 603 1957 καὶ
648 1901 796 1958 τοῦτ’
836 1902 924 1973 ἐφ’
963 1902 1095 1956 ἑπτὰ
1143 1906 1234 1972 ε”τη
1281 1902 1372 1956 καὶ
1419 1910 1596 1972 μῆνας
1639 1903 1802 1957 πέντε

103 1998 297 2062 εἴρων,
338 1988 454 2047 οὔτ’
492 1993 790 2063 ἠμβλύνθη
839 1994 940 2061 τὴν
979 1993 1177 2061 φωνὴν
1218 1990 1332 2046 οὔτ’
1374 1995 1603 2062 ἔκαμεν,
1644 1991 1802 2064 μέχρι

103 2082 238 2134 κατὰ
276 2083 378 2149 τὴν
416 2084 746 2150 πολιορκίαν
787 2084 920 2150 ἔργα
958 2082 1054 2144 τὰς
1083 2082 1359 2151 κλῃδόνας
1392 2082 1530 2135 ἰδὼν
1563 2083 1801 2135 ἀνεπαύ-

103 2184 251 2223 σατο.
304 2171 486 2238 <309>
517 2172 748 2238 περιιὼν
787 2171 893 2240 γὰρ
935 2169 1023 2223 ἐπὶ
1062 2179 1162 2223 τοῦ
1201 2174 1418 2239 τείχους
1456 2170 1598 2223 *αἰαῖ
1631 2171 1800 2224 πάλιν

101 2266 166 2328 τῇ
213 2261 371 2312 πόλει
418 2258 508 2312 καὶ
555 2267 631 2332 τῷ
679 2250 793 2331 λαςό
835 2258 927 2312 καὶ
969 2266 1044 2331 τςό
1085 2259 1229 2330 vag&⁹
1272 2260 1607 2328 διαπρύσιον
1645 2259 1799 2328 ἐβόα·

34 2369 77 2401 25
103 2348 176 2411 ὡς
223 2345 285 2401 δὲ
331 2352 648 2401 τελευταῖον
692 2347 1044 2417 προσέθηκεν
1093 2347 1243 2401 (αἰαῖ
1278 2345 1340 2401 δὲ
1379 2347 1590 2416 κᾶμοί,’
1639 2350 1801 2410 λίθος

101 2435 161 2489 ἐκ
200 2446 300 2490 τοῦ
344 2441 686 2506 πετροβόλου
734 2435 998 2507 σχασθεὶς
1035 2435 1127 2489 καὶ
1169 2436 1376 2505 πλήξας
1414 2436 1587 2490 αὐτὸν
1625 2455 1801 2504 παρα-

99 2533 281 2594 χρῆμα
318 2528 537 2593 κτείνει,
580 2528 967 2597 φθεγγόμενος
1006 2520 1056 2578 δ’
1095 2527 1174 2578 ἔτι
1212 2526 1308 2587 τὰς
1348 2526 1624 2594 κλῃδόνας
1663 2524 1797 2578 ἐκεί-

100 2633 200 2675 νας
238 2614 340 2681 τὴν
378 2614 564 2683 ψυχὴν
605 2612 831 2683 ἀφῆκεν.

133 2769 136 2772 ,
210 2701 394 2769 <310>
448 2702 619 2755 ταῦτά
672 2721 754 2764 τις
808 2702 1020 2755 ἐννοῶν
1072 2702 1297 2773 εὑρήσει
1350 2704 1449 2756 τὸν
1503 2698 1606 2769 μὲν
1656 2703 1797 2755 θεὸν
1829 2718 1859 2756 4

30 2811 75 2843 30
100 2788 417 2859 ἀνθρώπων
456 2792 768 2859 κηδόμενον
799 2789 891 2844 καὶ
921 2794 1196 2854 παντοίως
1234 2793 1688 2862 προσημαίνοντα
1719 2798 1795 2863 τῷ

100 2877 343 2951 σφετέρῳ
399 2878 549 2946 γένει
602 2881 667 2932 τὰ
723 2882 988 2950 σωτήρια,
1044 2882 1175 2943 τοὺς
1223 2878 1273 2933 δ’
1318 2876 1411 2933 ὑπ’
1460 2878 1652 2942 ἀνοίας
1706 2878 1800 2932 καὶ

188 2972 400 3006 ΙοεκΡΕσε.
427 2974 492 3006 VI.
1475 2970 1500 3008 8
