2032 3128
212 99 318 152 208
543 119 547 123 -
820 101 979 141 ΚΑΤΑ
1010 99 1287 142 ΑΠΙΩΝΟΣ
2006 0 2032 190 ἒ

211 233 315 287 ἀπὸ
370 241 467 302 τῆς
521 234 926 301 οἰκοδομήσεως
977 241 1078 286 τοῦ
1132 242 1273 287 ναοῦ
1328 233 1486 304 μέχρι
1541 236 1902 305 Καρχηδόνος

210 325 435 384 κτίσεως
475 323 564 389 ἔτη
608 319 803 374 ἑκατὸν
838 322 1246 390 τεσσαράκοντα
1284 325 1424 391 τρία,
1463 330 1630 391 μῆνες
1669 323 1826 377 ὀκτώ,
2014 296 2032 357 ἒῗ

132 404 227 433 s
322 410 503 478 <127>
549 417 645 478 τῆς
690 406 792 478 μὲν
834 405 935 462 οὖν
982 410 1129 478 παρὰ
1171 413 1452 463 Φοινίκων
1499 413 1802 483 μαρτυρίας
1847 416 1906 465 τί

122 1133 175 1172 19

211 501 298 552 δεῖ
333 503 665 567 προσθεῖναι
703 496 896 561 πλεόν;
949 497 1205 566 βλέπεται
1244 499 1348 567 γὰρ
1388 497 1625 567 τάληθὲς
1665 502 1902 570 ἰσχυρῶς

210 585 655 656 ὡμολογημένον.
725 585 815 638 καὶ
854 588 998 638 πολὺ
1038 587 1219 654 δήπου
1257 587 1488 656 προάγει
1523 596 1618 656 τῆς
1655 597 1754 641 τοῦ
1792 589 1900 641 νεὼ
1947 611 1969 644 5
2009 581 2032 610 ²

208 682 545 743 κατασκευῆς
597 674 630 742 ἡ
686 684 798 726 τῶν
850 677 1145 742 προγόνων
1204 675 1361 743 ἡμῶν
1417 677 1494 738 εἰς
1553 677 1655 744 τὴν
1714 678 1901 747 χώραν

209 763 417 834 ἄφιξις·
459 764 547 816 ὅτε
586 764 691 831 γὰρ
728 762 903 831 αὐτὴν
933 771 1116 815 πᾶσαν
1147 762 1368 835 πολέμῳ
1407 763 1741 833 παρέλαβον,
1779 768 1901 819 τότε

208 854 307 906 τὸν
361 850 505 905 νεὼν
556 852 977 904 κατεσκεύασαν.
1062 849 1153 903 καὶ
1207 859 1378 904 ταῦτα
1434 862 1624 921 σαφῶς
1679 852 1738 905 ἐκ
1791 863 1902 906 τῶν
2028 848 2029 851 ¹

210 942 375 1009 ἱερῶν
407 940 743 1010 γραμμάτων
772 938 868 992 ὑπ’
900 939 1034 1008 ἐμοῦ
1076 940 1380 1008 δεδήλωται
1413 941 1505 993 διὰ
1544 948 1641 1010 τῆς
1679 941 1901 1012 ἀρχαιο-
2015 939 2032 1005 ,ἶ

209 1033 412 1098 λογίας.
1925 1055 1968 1087 10
2010 1009 2032 1111 ἓ

321 1118 503 1185 <128>
550 1115 686 1180 λέξω
727 1114 788 1169 δὲ
833 1125 940 1170 νῦν
979 1118 1085 1185 ἤδη
1134 1118 1201 1170 τὰ
1246 1119 1393 1186 παρὰ
1435 1120 1733 1181 Χαλδαίοις
1771 1119 1901 1172 ἀνα-
2007 1143 2030 1211 33

206 1207 556 1277 γεγραμμένα
610 1204 701 1259 καὶ
758 1207 1123 1275 ἱστορούμενα
1175 1205 1299 1274 περὶ
1354 1206 1536 1275 ἡμῶν,
1598 1208 1734 1276 ἅπερ
1791 1210 1901 1278 ἔχει

205 1297 420 1364 πολλὴν
461 1281 762 1365 ὁμολογίαν
801 1292 891 1347 καὶ
929 1293 1055 1366 περὶ
1094 1303 1205 1347 τῶν
1245 1297 1430 1348 ἄλλων
1469 1304 1582 1358 τοῖς
1620 1294 1903 1366 ἡμετέροις
2006 1210 2029 1355 3

206 1385 501 1453 γράμμασι.
579 1384 760 1451 <129>
800 1383 1008 1452 μάρτυς
1048 1380 1108 1436 δὲ
1146 1384 1360 1436 τούτων
1398 1386 1717 1452 Βηρωσσός,
1758 1383 1900 1454 ἀνὴρ
2023 1453 2024 1457 ¹

208 1475 485 1534 Χαλδαῖος
532 1469 632 1541 μὲν
671 1474 732 1525 τὸ
779 1471 966 1540 γένος,
1012 1473 1289 1541 γνώριμος
1336 1469 1398 1525 δὲ
1443 1483 1559 1535 τοῖς
1604 1472 1728 1544 περὶ
1775 1492 1899 1526 παι-
1927 1498 1970 1531 15

208 1563 389 1614 δείαν.
418 1558 946 1630 ἀναστρεφομένοις,
1001 1559 1188 1628 ἐπειδὴ
1243 1564 1375 1629 περί
1386 1599 1393 1617 ,
1421 1580 1478 1614 τε
1533 1560 1902 1631 ἀστρονομίας

204 1649 291 1703 καὶ
341 1648 464 1719 περὶ
514 1659 626 1703 τῶν
663 1649 811 1719 παρὰ
852 1650 1152 1712 Χαλδαίοις
1197 1648 1699 1719 φιλοσοφουμένων
1738 1650 1902 1713 αὐτὸς

206 1741 283 1801 εἰς
336 1742 467 1801 τοὺς
511 1737 783 1806 ’Έλληνας
836 1737 1089 1806 ἐξήνεγκε
1142 1739 1239 1800 τὰς
1294 1739 1633 1807 συγγραφάς.
1716 1739 1899 1808 <130>

207 1814 367 1890 οὗτος
401 1830 595 1881 τοίνυν
627 1827 656 1881 ὁ
688 1829 989 1896 Βηρωσσὸς
1027 1836 1145 1889 ταῖς
1184 1826 1568 1897 ἀρχαιοτάταις
1599 1826 1899 1881 ἐπακολου-
2018 1891 2021 1895 ,

204 1922 328 1969 θῶν
369 1915 715 1986 ἀναγραφαῖς
752 1918 884 1985 περί
924 1935 982 1968 τε
1020 1924 1120 1969 τοῦ
1166 1914 1471 1984 γενομένου
1511 1921 1898 1985 κατακλυσμοῦ
1924 1943 1967 1975 20
2014 1935 2019 1987 3,

117 2073 121 2076 η
205 2004 295 2058 καὶ
350 2013 444 2074 τῆς
498 2005 559 2057 έν
613 2005 760 2076 αὐτῷ
817 2010 1041 2075 φθορᾶς
1094 2014 1204 2057 τῶν
1252 2002 1591 2074 ἀνθρώπων,
1644 2005 1897 2072 καθάπερ

204 2097 455 2161 Μωυσῆς
495 2094 667 2156 οὕτως
715 2094 968 2162 ἱστόρηκε
1015 2091 1106 2146 καὶ
1151 2091 1276 2163 περὶ
1318 2101 1414 2162 τῆς
1452 2093 1725 2161 λάρνακος
1764 2092 1825 2146 ἐν
1860 2087 1898 2164 ’ᾗ
2010 2110 2032 2165 4*

204 2186 405 2252 Νῶχος
444 2182 473 2235 ὁ
513 2190 614 2235 τοῦ
659 2181 858 2250 γένους
903 2181 1060 2251 ἡμῶν
1099 2181 1337 2252 ἀρχηγὸς
1384 2183 1656 2251 διεσώθη,
1701 2197 1899 2249 προσε-
1998 2173 2017 2241 ἐ

203 2274 497 2340 νεχθείσης
536 2271 704 2339 αὐτῆς
741 2279 859 2334 ταῖς
898 2271 1224 2341 ἀκρωρείαις
1254 2280 1364 2324 τῶν
1398 2268 1702 2340 Ἀρμενίων
1734 2271 1897 2340 ὀρῶν.
2004 2267 2013 2276 μ’

203 2359 387 2428 <lt-31>
426 2356 542 2412 εἶτα
573 2362 701 2422 τοὺς
733 2359 838 2413 ἀπὸ
871 2361 1080 2430 Νώχου
1119 2359 1435 2428 καταλέγων
1474 2358 1565 2413 καὶ
1604 2361 1734 2421 τοὺς
1771 2360 1897 2428 χρό-
1922 2386 1966 2418 25
2007 2371 2013 2396 ‘³

203 2467 338 2511 νους
383 2448 573 2510 αὐτοῖς
617 2447 940 2518 προστιθεὶς
978 2447 1066 2502 ε’πὶ
1105 2449 1628 2518 Ναβοπαλάσσαρον
1666 2451 1898 2515 παραγί-
1980 2491 1983 2495 s

203 2556 410 2604 γνεται,
446 2538 546 2590 τὸν
582 2539 920 2605 Βαβυλῶνος
958 2537 1050 2590 καὶ
1091 2538 1388 2591 Χαλδαίων
1426 2535 1673 2606 βασιλέα,
1713 2536 1898 2604 <132>

203 2624 294 2678 καὶ
340 2626 436 2688 τὰς
479 2627 681 2679 τούτου
727 2626 950 2694 πράξεις
998 2626 1386 2696 ἀφηγούμενος
1425 2625 1571 2694 λέγει
1609 2628 1735 2678 τίνα
1773 2627 1898 2694 τρό-

202 2732 311 2766 πον
347 2716 571 2786 πέμψας-
613 2712 700 2766 ἐπὶ
745 2715 846 2783 τὴν
886 2719 1174 2783 Αἴγυπτον
1213 2712 1304 2767 καὶ
1353 2712 1439 2767 ἐπὶ
1487 2716 1588 2782 τὴν
1627 2713 1896 2783 ἡμετέραν

203 2809 308 2869 γῆν
339 2803 438 2855 τὸν
467 2803 596 2856 υίὸν
626 2804 724 2856 τὸν
757 2801 955 2857 ἑαυτοῦ
987 2804 1569 2873 Ναβουχοδονόσορον
1601 2804 1733 2872 μετὰ
1763 2807 1895 2855 πολ-
1919 2830 1963 2862 30

203 2894 300 2959 λῆς
339 2892 650 2961 δυνάμεως,
695 2891 988 2963 ἐπειδήπερ
1037 2892 1352 2962 ἀφεστῶτας
1398 2891 1600 2955 αὐτοὺς
1639 2891 1894 2958 ἐπύθετο,
