2032 3128
733 56 944 98 ΛΟΓΟΣ
975 57 1277 98 ΠΕΜΠΤΟΣ
1758 55 1826 107 57

149 188 240 244 καὶ
278 191 448 258 κόμης
492 187 895 257 ἐσπαράττοντο
943 197 1199 256 γυναῖκες
1246 190 1726 257 συγκαλύπτουσαι
1763 190 1829 243 τὰ

150 278 211 331 ἐν
243 279 445 347 χερσίν.
505 274 645 329 οὐδέ
669 295 751 339 τις
788 272 858 344 ἦν
894 272 1079 338 οἶκτος
1116 280 1312 339 πολιᾶς
1349 276 1383 345 ἢ
1421 280 1653 346 νηπίων,
1691 277 1830 331 ἀλλὰ

151 367 574 431 συνεπαίροντες
604 364 669 416 τὰ
697 366 891 416 παιδία
922 372 1032 416 τῶν
1061 372 1273 432 ψωμῶν
1306 363 1676 435 ἐκκρεμάμενα
1705 385 1830 418 κατ-

152 452 331 506 έσειον
384 454 462 515 είς
512 453 728 521 ἔδαφος.
806 451 986 520 <434>
1031 461 1149 514 τοῖς
1186 448 1249 504 δὲ
1289 453 1541 520 φθάσασι
1576 455 1680 522 τὴν
1718 456 1830 507 εἰσ-

103 565 124 597 5
150 542 362 610 δρομὴν
409 540 591 593 αὐτῶν
632 538 727 592 καὶ
770 547 1207 610 προκαταπιοῦσι
1253 542 1317 594 τὸ
1373 540 1831 611 ἁρπαγησόμενον

149 630 222 692 ὡς
260 626 618 696 ἀδικηθέντες
655 623 797 696 ἦσαν
837 629 1116 696 ὠμότεροι.
1193 628 1374 697 <435>
1409 630 1598 693 δεινὰς
1636 628 1697 683 δὲ
1734 633 1831 699 βα-

149 718 334 771 σάνων
373 717 539 778 ὁδοὺς
577 714 846 769 ἐπενόουν
882 718 1021 785 πρὸς
1056 719 1292 784 ἔρευναν
1332 725 1559 787 τροφῆς,
1609 718 1833 786 ὀρόβοις

147 803 248 875 μὲν
285 804 690 875 ἐμφράττοντες
738 814 854 867 τοῖς
891 803 1112 867 ἀθλίοις
1149 807 1278 868 τοὺς
1313 814 1428 858 τῶν
1467 807 1696 861 αἰδοίων
1735 810 1833 860 πό-

147 914 304 964 ρους,
349 894 579 964 ῥάβδοις
625 891 673 946 δ’
715 891 916 956 ὀξείαις
950 892 1344 963 ἀναπείροντες
1381 894 1477 956 τὰς
1515 893 1692 962 ἕδρας.
1764 896 1832 947 τὰ

82 1007 124 1038 ιο
149 983 350 1053 φρικτὰ
391 978 452 1035 δὲ
489 979 581 1034 καὶ
610 980 801 1044 ἀκοαῖς
831 980 1036 1051 ἔπασχέ
1061 1002 1143 1045 τις
1174 983 1253 1045 είς
1284 981 1678 1052 ἐξομολόγησιν
1709 981 1833 1045 ἑνὸς

148 1074 342 1143 ἄρτου,
392 1068 486 1123 καὶ
533 1071 626 1123 ἵνα
673 1071 891 1140 μηνύσῃ
930 1070 1108 1138 δράκα
1147 1074 1280 1139 μίαν
1318 1069 1701 1141 κεκρυμμένην
1737 1070 1833 1124 ἀλ-

147 1163 340 1227 φίτων.
414 1159 597 1227 <436>
636 1159 696 1212 oc
720 1157 1050 1226 βασανισταὶ
1083 1157 1135 1211 δ’
1171 1158 1273 1212 οὐκ
1306 1158 1540 1213 ἐπείνων
1581 1157 1697 1229 (καὶ
1728 1160 1832 1227 γὰρ

146 1245 311 1317 ἧττον
350 1247 420 1301 ἂν
458 1247 614 1316 ὠμὸν
659 1243 731 1315 ἦν
765 1248 831 1301 τὸ
880 1244 995 1316 μετ’
1040 1244 1327 1319 ἀνάγκης),
1365 1247 1735 1316 γυμνάζοντες
1771 1244 1834 1300 δὲ

144 1339 246 1407 τὴν
286 1336 555 1390 ἀπόνοιαν
601 1334 695 1388 καὶ
740 1337 1352 1405 προπαρασκευάζοντες
1395 1337 1586 1400 αὑτοῖς
1625 1338 1703 1399 εἰς
1740 1337 1835 1399 τὰς

80 1448 123 1480 15
147 1424 266 1494 ἑξῆς
300 1423 503 1496 ἡμέρας
540 1423 751 1495 ἐφόδια.
828 1425 1013 1494 <437>
1054 1434 1167 1487 τοῖς
1207 1424 1257 1478 δ’
1295 1423 1386 1478 ἐπὶ
1421 1426 1524 1494 τὴν
1554 1425 1835 1494 Ῥωμαίων

145 1515 401 1584 φρουρὰν
447 1514 666 1583 νύκτωρ
714 1512 1077 1582 ἐξερπύσασιν
1125 1511 1212 1566 ἐπὶ
1258 1514 1514 1584 λαχάνων
1555 1515 1835 1582 συλλογὴν

144 1603 356 1673 ἀγρίων
401 1600 493 1655 καὶ
536 1604 677 1665 πόας
720 1601 1088 1670 ὑπαντῶντες,
1133 1599 1214 1654 ὅτ’
1258 1604 1367 1672 ἤδη
1409 1601 1837 1671 διαπεφευγέναι

144 1694 274 1755 τοὺς
327 1694 626 1760 πολεμίους
679 1689 935 1760 ἐδόκουν,
991 1690 1314 1760 ἀφήρπαζον
1360 1693 1426 1744 τὰ
1476 1690 1836 1761 κομισθέντα·

143 1780 327 1849 <438>
362 1778 454 1833 καὶ
502 1779 765 1842 πολλάκις
812 1780 1172 1833 ἱκετευόντων
1217 1778 1308 1832 καὶ
1347 1781 1408 1833 τὸ
1449 1781 1684 1850 φρικτὸν
1724 1779 1838 1834 ἐπι-

5 1922 11 1926 ,
78 1891 120 1922 20
144 1867 503 1938 καλουμένων
559 1870 734 1938 ὄνομα
787 1877 887 1922 τοῦ
939 1874 1116 1937 θεοῦ,
1177 1870 1518 1937 μεταδοῦναί
1565 1889 1618 1922 τι
1673 1866 1836 1939 μέρος

145 1958 332 2021 αὐτοῖς
371 1953 450 2010 ὧν
489 1958 950 2020 κινδυνεύσαντες
987 1954 1257 2027 ἤνεγκαν,
1298 1956 1416 2011 οὐδ’
1457 1958 1647 2012 ὁτιοῦν
1687 1957 1837 2027 μετέ-

145 2048 340 2101 δοσαν·
383 2045 668 2114 ἀγαπητὸν
709 2043 759 2098 δ’
798 2042 868 2114 ἦν
906 2046 969 2099 τὸ
1010 2047 1083 2115 μὴ
1122 2044 1215 2099 καὶ
1258 2045 1712 2115 προσαπολέσθαι
1753 2060 1838 2099 σε-

144 2133 473 2204 συλημένον.

255 2225 438 2292 <439>
478 2225 536 2278 οὗ
579 2220 680 2292 μὲν
729 2224 798 2292 δὴ
846 2226 1223 2294 ταπεινότεροι
1267 2232 1497 2278 τοιαῦτα
1541 2226 1680 2295 πρὸς
1723 2232 1836 2276 τῶν
1868 2237 1896 2275 4

77 2333 120 2365 25
146 2314 480 2383 δορυφόρων
535 2314 805 2381 ἔπασχον,
860 2312 918 2366 οἱ
962 2310 1010 2365 δ’
1057 2311 1120 2365 ἐν
1167 2311 1432 2382 ἀξιώματι
1477 2311 1570 2366 καὶ
1616 2313 1837 2385 πλούτῳ

141 2404 279 2472 πρὸς
322 2403 454 2464 τοὺς
501 2401 809 2471 τυράννους
855 2400 1146 2469 ἀνήγοντο.
1221 2402 1435 2455 τούτων
1483 2404 1541 2455 οἳ
1583 2398 1685 2470 μὲν
1726 2400 1839 2454 ἐπι-

141 2490 348 2560 βουλὰς
386 2491 612 2554 ψευδεῖς
651 2489 1076 2558 ἐπικαλούμενοι
1116 2491 1537 2559 διεφθείροντο,
1577 2492 1635 2544 οἳ
1670 2487 1720 2542 δ’
1765 2490 1841 2551 ὡς

140 2580 467 2648 προδιδοῖεν
509 2576 792 2647 Ῥωμαίοις
850 2579 953 2647 τὴν
1007 2581 1188 2632 πόλιν.
1264 2581 1326 2632 τὸ
1382 2577 1432 2632 δ’
1488 2576 1840 2647 ἑτοιμότατον

141 2664 212 2736 ἦν
259 2669 502 2736 μηνυτής
547 2686 630 2730 τις
677 2666 988 2736 ὑπόβλητος
1038 2668 1113 2731 ὡς
1162 2667 1493 2737 αὐτομολεῖν
1544 2668 1839 2735 διεγνωκό-

74 2756 125 2809 36
140 2776 266 2810 των.
313 2755 499 2824 <440>
539 2755 568 2809 ὁ
610 2754 659 2808 δ’
697 2755 806 2809 ὑπὸ
840 2758 1100 2825 Σίμωνος
1137 2753 1456 2824 γυμνωθεὶς
1485 2757 1624 2826 πρὸς
1657 2750 1841 2808 Ἰωάν-

0 2842 4 2846 ’
139 2864 248 2913 νην
289 2841 651 2914 ἀνεπέμπετο,
699 2842 791 2897 καὶ
837 2853 949 2897 τῶν
995 2845 1102 2898 ὑπὸ
1137 2842 1402 2898 Ἰωάννου
1450 2843 1843 2913 σεσυλημένων
