2032 3128
719 97 923 139 ΑοΓοΣ
955 97 1272 138 ΔΕΥΤΕΡΟΣ
1729 94 1838 146 263

162 249 356 300 ποιμεν
379 227 654 299 βασιλέας,
686 231 944 298 Δαυίδην
972 228 1062 282 καὶ
1087 233 1414 299 Σολομῶνα,
1443 231 1619 283 πολλὰ
1649 249 1841 300 χειρω-

164 318 431 387 σαμένους
470 319 636 385 §mm
677 317 856 386 <133>
894 319 1122 380 τούτους
1157 315 1258 386 μὲν
1290 314 1392 372 οὖν
1424 321 1839 389 παραλίπωμεν·

161 408 227 458 τὰ
273 404 334 459 δὲ
378 407 629 475 γνώριμα
675 413 843 458 πᾶσιν
887 403 1088 458 Ἀπίων
1134 407 1426 475 ἠγνόηκεν,
1481 406 1564 459 ὅτι
1604 410 1841 476 Περσῶν

160 493 252 547 καὶ
299 492 412 562 μετ’
458 493 700 554 ἐκείνους
747 492 1073 563 ἡγουμένων
1122 502 1216 563 τῆς
1263 491 1446 558 Ἀσίας
1492 495 1840 548 Μακεδόνων

115 605 136 637 5
161 584 455 650 Αἰγύπτιοι
502 579 602 650 μὲν
657 581 958 635 ἐδούλευον
1011 582 1379 652 ἀνδραπόδων
1434 580 1600 637 οὐδὲν
1652 581 1842 653 διαφέ-

160 689 373 740 ροντες,
427 671 460 738 <
475 670 623 738 134>
662 670 815 740 ἡμεῖς
861 668 911 723 δ’
949 672 1102 734 ὄντες
1149 670 1437 741 ἐλεύθεροι
1482 669 1703 740 προσέτι
1751 669 1843 724 καὶ

159 768 271 812 τῶν
308 758 463 827 πέριξ
495 761 712 812 πόλεων
750 760 992 828 ἤρχομεν
1023 761 1113 828 ἔτη
1155 761 1355 829 σχεδὸν
1394 761 1572 812 εἴκοσί
1603 777 1712 812 που
1751 758 1841 812 καὶ

160 845 378 915 ἑκατόν,
431 844 588 916 μέχρι
641 846 882 914 Μάγνου
936 850 1250 916 Πομπηίου.
1338 845 1428 899 καὶ
1481 845 1704 899 πάντων
1759 846 1842 899 ἐκ-

157 934 584 1004 πολεμηθέντων
645 936 782 1004 πρὸς
834 933 1114 1004 Ῥωμαίων
1174 944 1286 987 τῶν
1346 940 1628 1004 πανταχοῦ
1688 936 1843 1002 βασι-

91 1047 133 1079 ιο
158 1022 324 1091 λέων,
379 1026 539 1092 μόνοι
594 1024 686 1076 διὰ
738 1027 923 1076 πίστιν
979 1023 1037 1077 οἰ
1077 1019 1205 1093 παρ’
1249 1022 1381 1092 ἡμῖν
1429 1024 1704 1093 σύμμαχοι
1751 1020 1841 1075 καὶ

157 1114 312 1180 φίλοι
353 1112 823 1182 διεφυλάχθησαν.

267 1199 448 1269 (135)
489 1200 627 1254 ἀλλὰ
662 1203 1024 1269 θαυμαστοὺς
1062 1202 1268 1270 ἄνδρας
1307 1200 1374 1254 οὐ
1407 1202 1843 1270 παρεσχήκαμεν,

157 1281 280 1341 οἷον
317 1298 526 1359 τεχνῶν
564 1309 732 1342 τινων
771 1289 995 1357 εὑρετὰς
1033 1288 1066 1357 ἢ
1103 1291 1272 1361 σοφίᾳ
1312 1287 1692 1358 διαφέροντας.
1754 1286 1845 1340 καὶ

157 1382 491 1446 καταριθμεῖ
526 1378 831 1447 Σωκράτην
871 1375 960 1430 καὶ
1002 1379 1239 1446 Ζήνωνα
1285 1376 1375 1431 καὶ
1415 1377 1715 1445 Κλεάνθην
1753 1375 1844 1430 καὶ

90 1490 132 1521 15
156 1466 444 1528 τοιούτους
497 1466 675 1529 τινάς·
736 1462 851 1519 εἶτα
904 1467 964 1519 τὸ
1018 1467 1481 1535 θαυμασιώτατον
1534 1475 1645 1518 τῶν
1699 1467 1844 1536 εἰρη-

157 1552 340 1622 μένων
387 1554 550 1618 αὐτὸς
604 1552 802 1607 ἑαυτὸν
849 1557 1208 1623 προστίθησι,
1262 1553 1352 1607 καὶ
1406 1557 1687 1625 μακαρίζει
1742 1554 1843 1622 τὴν

150 1640 567 1710 Ἀλεξάνδρειαν
614 1643 697 1695 ὅτι
743 1650 998 1696 τοιοῦτον
1038 1645 1147 1713 ἔχει
1189 1647 1435 1711 πολίτην.
1510 1643 1692 1711 <136>
1731 1643 1844 1695 ἔδει

155 1731 259 1799 γάρ
294 1731 439 1802 αὐτῷ
473 1731 750 1801 μάρτυρος
781 1729 1005 1784 ἑαυτοῦ·
1046 1740 1162 1794 τοῖς
1199 1729 1300 1800 μὲν
1339 1732 1443 1801 γὰρ
1480 1733 1668 1793 ἄλλοις
1707 1731 1844 1784 ἅπα-

156 1832 247 1872 σιν
287 1819 602 1888 ὀχλαγωγὸς
641 1819 820 1873 ἐδόκει
859 1812 1104 1889 πονηρὸς
1142 1816 1311 1888 εἶναι,
1358 1818 1450 1873 καὶ
1488 1826 1562 1892 τῷ
1603 1822 1708 1891 βίῳ
1754 1817 1846 1872 καὶ

8 1929 16 1933 “
87 1915 229 1979 201595
275 1910 422 1981 λόγῳ
471 1907 908 1978 διεφθαρμένος,
962 1906 1088 1961 ὥστ’
1122 1910 1343 1971 εἰκότως
1382 1907 1600 1978 ἐλεήσαι
1646 1928 1728 1971 τις
1774 1907 1844 1960 ἂν

154 1998 255 2066 τὴν
288 1994 726 2067 Ἀλεξάνδρειαν,
761 2002 911 2067 εἴπερ
945 1995 1033 2049 ἐπὶ
1065 1997 1240 2070 τούτῳ
1272 1996 1390 2066 μέγ’
1414 1995 1656 2066 ἐφρόνει.
1718 1994 1844 2066 περὶ

156 2082 217 2137 δὲ
263 2094 374 2138 τῶν
419 2083 547 2154 παρ’
584 2085 718 2154 ἡμῖν
765 2085 987 2154 ἀνδρῶν
1027 2088 1360 2154 γεγονότων,
1407 2085 1640 2148 οὐδενὸς
1677 2080 1844 2154 ἧττον

155 2173 384 2227 ἐπαίνου
438 2174 733 2244 τυγχάνειν
788 2174 983 2242 ἀξίων,
1047 2180 1230 2227 ἴσασιν
1286 2175 1344 2227 οἰ
1389 2182 1507 2237 ταῖς
1559 2172 1845 2244 ἡμετέραις

154 2262 564 2333 ἀρχαιολογίαις
604 2262 1044 2333 ἐντυγχάνοντες.

87 2373 130 2406 25
268 2351 451 2421 <137>
489 2353 555 2404 τὰ
595 2349 656 2404 δε
703 2352 868 2405 λοιπά
906 2360 1017 2405 τῶν
1057 2350 1118 2404 ἐν
1156 2359 1219 2421 τῇ
1263 2354 1562 2423 κατηγορία
1607 2371 1842 2422 γεγραμ-

154 2439 339 2509 μένων
393 2439 549 2504 ἄξιον
603 2436 672 2508 ἡν
729 2445 860 2503 ἴσως
914 2440 1299 2509 ἀναπολόγητα
1350 2444 1706 2511 παραλιπεῖν,
1764 2437 1836 2492 ἵν’

154 2528 320 2591 αὐτὸς
374 2529 546 2583 αὑτοῦ
599 2527 690 2582 καὶ
745 2539 855 2582 τῶν
910 2530 1094 2582 άλλων
1141 2530 1464 2597 Αἰγυπτίων
1517 2522 1551 2600 ᾐ
1602 2529 1631 2583 ὁ
1681 2547 1844 2597 κατη-

1878 1215 1931 1253 12

1876 2363 1931 2404 13

155 2626 352 2687 γορῶν.
430 2617 650 2686 ἐγκαλεῖ
693 2618 798 2688 γὰρ
839 2617 923 2670 ὅτι
972 2619 1078 2689 ζῷα
1116 2618 1332 2686 θύομεν
1371 2615 1463 2670 καὶ
1509 2626 1702 2686 χοῖρον
1743 2616 1846 2671 οὐκ
1891 2690 1897 2695 .

132 2703 443 2774 ἐσθίομεν,
499 2704 590 2758 καὶ
640 2706 741 2774 τὴν
794 2714 904 2758 τῶν
952 2707 1182 2759 αἰδοίων
1236 2705 1481 2775 χλευάζει
1526 2709 1843 2776 περιτομήν.

85 2815 130 2847 3ο
154 2794 335 2863 (138)
377 2796 437 2847 τὸ
486 2791 587 2863 μὲν
635 2790 739 2847 οὖν
778 2791 902 2861 περὶ
947 2801 1042 2862 τῆς
1087 2803 1198 2847 τῶν
1235 2793 1458 2864 ἡμέρων
1498 2791 1649 2865 ζῴων
1688 2793 1845 2847 ἀναι-

155 2881 355 2953 ρέσεως
399 2885 593 2936 κοινόν
633 2882 747 2936 ἐστι
793 2880 882 2936 καὶ
924 2884 1058 2952 πρὸς
1103 2885 1232 2946 τοὺς
1272 2883 1473 2946 ἄλλους
1512 2881 1846 2953 ἀνθρώπους
