2032 3128
194 106 302 158 272
799 109 957 150 ΚΑΤΑ
987 109 1267 151 ΑΠΙΩΝΟΣ

104 255 160 293 20
303 242 496 310 (182)
547 242 684 294 ὅθεν
740 242 807 309 δὴ
862 240 952 294 καὶ
1003 243 1064 295 τὸ
1114 245 1534 312 προφερόμενον
1588 243 1719 312 ἡμῖν
1769 244 1878 298 ὑπό

191 350 362 383 τινων
416 332 681 399 ἔγκλημα,
735 331 795 383 τὸ
853 331 920 399 δὴ
975 331 1048 399 μὴ
1098 340 1304 383 καινῶν
1351 332 1573 399 εὑρετὰς
1620 334 1797 402 ἔργων
1845 333 1877 402 ἢ

191 421 373 486 λόγων
421 420 629 487 ἄνδρας
682 428 1008 488 παρασχεῖν,
1065 418 1328 472 ἐντεῦθεν
1382 418 1739 488 συμβέβηκεν.
1825 422 1884 477 oc

190 503 292 576 μὲν
331 508 434 575 γὰρ
475 508 634 560 ἄλλοι
667 508 726 559 τὸ
769 505 965 575 μηδενὶ
996 516 1105 559 τῶν
1144 510 1388 577 πατρίων
1421 507 1675 576 ἐμμένειν
1707 511 1878 562 καλὸν

190 591 332 648 εἶναι
364 598 668 664 νομίζουσι,
706 594 798 648 καὶ
830 605 943 658 τοῖς
975 595 1208 663 μάλιστα
1239 599 1478 664 τολμῶσι
1509 604 1678 649 ταῦτα
1705 614 1877 666 παρα·
1924 618 1945 652 5

189 686 406 752 βαίνειν
454 687 654 751 σοφίας
700 685 988 752 δεινότητα
1036 692 1432 752 μαρτυροῦσιν·
1497 684 1679 753 <183>
1726 685 1880 754 ἡμεῖς

190 770 252 826 δὲ
299 772 630 826 τούναντίον
685 776 818 841 μιάν
872 769 1014 825 εἶναι
1068 771 1159 825 καὶ
1213 775 1489 841 φρόνησιν
1539 771 1630 825 καὶ
1678 773 1878 842 ἀρετὴν

188 862 569 930 ὑπειλήφαμεν
615 853 691 914 τὸ
725 858 897 930 μηδὲν
943 861 1083 924 ὅλως
1127 861 1462 914 ὑπεναντίον
1501 863 1632 930 μήτε
1678 861 1879 930 πρᾶξαι

187 952 319 1018 μήτε
354 951 724 1018 διανοηθῆναι
756 959 870 1012 τοῖς
906 949 959 1014 ἐξ
993 949 1161 1019 ἀρχῆς
1199 956 1679 1018 νομοθετηθεῖσιν.
1744 950 1876 1019 ὅπερ

186 1040 410 1101 εἰκότως
456 1038 525 1091 ἂν
572 1044 653 1107 εἴη
706 1041 1003 1107 τεκμήριον
1049 1047 1149 1092 τοῦ
1195 1039 1457 1091 κάλλιστα
1502 1044 1732 1108 τεθῆναι
1779 1041 1877 1093 τὸν
1902 1062 1944 1093 10

185 1129 382 1195 νόμον·
430 1127 495 1179 τὰ
542 1127 646 1196 γὰρ
695 1128 767 1194 μὴ
807 1133 1006 1179 τοῦτον
1046 1127 1240 1196 ἔχοντα
1278 1128 1376 1179 τὸν
1414 1129 1621 1194 τρόπον
1661 1128 1722 1179 αἱ
1762 1137 1878 1180 πεῖ-

97 1229 150 1268 21
187 1236 279 1284 ραι
329 1217 561 1285 δεόμενα
611 1216 964 1285 διορθώσεως
1013 1214 1348 1284 ἐλέγχουσιν.
1425 1215 1605 1284 <184>
1644 1216 1776 1285 ἡμῖν
1817 1214 1880 1270 δὲ

184 1314 300 1367 τοῖς
359 1310 673 1358 πεισθεῖσιν
728 1303 781 1368 ἐξ
839 1304 1008 1374 ἀρχῆς
1065 1309 1298 1372 τεθῆναι
1351 1305 1449 1357 τὸν
1509 1307 1685 1374 νόμον
1743 1307 1879 1359 κατὰ

184 1398 325 1446 θεοῦ
371 1394 668 1462 βούλησιν,
722 1391 841 1446 οὐδ’
889 1390 1111 1462 εὐσεβὲς
1161 1388 1232 1461 ἦν
1282 1395 1360 1446 ἔτι
1406 1400 1606 1446 τοῦτον
1653 1394 1725 1462 μὴ
1774 1414 1878 1462 φυ-

185 1482 416 1534 λάττειν.
498 1485 556 1534 τί
603 1483 708 1550 γὰρ
764 1481 936 1535 αὐτοῦ
991 1502 1072 1545 τις
1124 1481 1194 1535 ἂν
1249 1484 1685 1550 μετακινήσειεν,
1740 1480 1773 1550 ἢ
1823 1485 1883 1535 τί
1901 1501 1944 1534 15

184 1571 411 1624 κάλλιον
467 1570 705 1640 ἐξεύροι,
758 1570 791 1639 ἢ
839 1574 897 1624 τί
944 1570 1069 1642 παρ’
1111 1569 1313 1641 ἐτέρων
1365 1571 1438 1634 ὡς
1488 1572 1718 1640 ἄμεινον
1769 1569 1878 1634 ἐξε-

182 1660 394 1726 νέγκοις
459 1655 566 1730 ἆρά
622 1679 681 1727 γε
741 1660 842 1728 τὴν
897 1660 1031 1729 ὅλην
1085 1660 1418 1713 κατάστασιν
1472 1667 1572 1713 τοῦ
1624 1660 1877 1712 πολιτεύ-

183 1768 371 1817 ματος;
413 1748 595 1816 <185>
627 1747 720 1801 καὶ
750 1752 832 1811 τίς
869 1748 939 1801 ἂν
970 1752 1212 1802 καλλίων
1243 1748 1276 1817 ἢ
1311 1747 1623 1817 δικαιοτέρα
1662 1747 1877 1814 γένοιτο

182 1845 276 1905 τῆς
321 1838 460 1890 θεὸν
507 1834 609 1906 μὲν
655 1836 898 1907 ἡγεμόνα
945 1847 1055 1890 τῶν
1095 1837 1241 1890 ὅλων
1289 1836 1548 1905 ἡγεῖσθαι.
1585 1835 1878 1906 πεποιημέ-

181 1946 308 1995 νης,
362 1935 476 1989 τοῖς
525 1927 730 1996 ἱερεῦσι
779 1923 840 1979 δὲ
886 1934 1045 1995 κοινῇ
1097 1922 1198 1994 μὲν
1249 1926 1312 1978 τὰ
1363 1923 1590 1994 μέγιστα
1644 1927 1876 1978 διοικεῖν
1902 1946 1945 1977 20

183 2013 602 2083 ἐπιτρεπούσης,
646 2022 720 2087 τῷ
762 2012 823 2067 δὲ
861 2016 1085 2068 πάντων
1126 2014 1373 2085 ἀρχιερεῖ
1406 2015 1574 2067 πάλιν
1613 2010 1683 2067 αὗ
1724 2032 1877 2067 πεπι-

182 2107 471 2167 στευκυιάς
523 2104 624 2172 τὴν
669 2113 781 2157 τῶν
828 2106 1013 2157 ἄλλων
1061 2103 1253 2173 ἱερέων
1306 2103 1632 2172 ἡγεμονιάνς
1696 2103 1877 2170 <186>

181 2191 279 2255 οὓς
325 2193 392 2245 οὐ
439 2194 574 2245 κατὰ
621 2197 864 2247 πλοῦτον
912 2192 1048 2247 οὐδέ
1099 2209 1246 2246 τισιν
1293 2194 1484 2254 ἄλλαις
1535 2192 1878 2262 προύχοντας

181 2279 509 2349 αὐτομάτοις
547 2280 887 2345 πλεονεξίαις
926 2283 986 2335 τὸ
1027 2291 1248 2351 πρῶτον
1287 2281 1462 2344 εὐθὺς
1489 2271 1526 2335 ιὁ
1567 2278 1878 2349 νομοθέτης

182 2367 269 2422 ἐπὶ
301 2370 402 2437 τὴν
434 2370 598 2438 τιμὴν
631 2369 836 2439 ἔταξεν,
876 2370 997 2424 ἀλλ’
1027 2372 1148 2424 ὅσοι
1187 2380 1299 2423 τῶν
1330 2368 1448 2440 μετ’
1479 2369 1652 2423 αὐτοῦ
1687 2374 1881 2422 πειθοῖ
1901 2387 1943 2420 25

180 2476 236 2509 τε
277 2456 368 2510 καὶ
409 2460 746 2530 σωφροσύνῃ
793 2469 904 2512 τῶν
953 2461 1138 2513 ἄλλων
1187 2459 1468 2529 διέφερον,
1514 2459 1730 2520 τούτοις
1776 2459 1878 2526 τὴν

178 2544 304 2612 περὶ
344 2548 443 2599 τὸν
481 2549 620 2601 θεὸν
661 2548 897 2616 μάλιστα
935 2550 1240 2615 θεραπείαν
1281 2547 1629 2617 ἐνεχείρισεν.
1697 2547 1877 2612 <187>

179 2643 344 2688 τοῦτο
386 2634 441 2688 δ’
468 2632 538 2704 ἧν
577 2634 668 2688 καὶ
711 2643 810 2690 τοῦ
859 2639 1034 2705 νόμου
1081 2635 1172 2689 καὶ
1218 2646 1330 2689 τῶν
1370 2629 1555 2688 ἄλλων
1594 2635 1877 2703 ἐπιτηδευ-

179 2723 367 2790 μάτων
423 2724 651 2794 ἀκριβὴς
705 2724 1005 2794 ἐπιμέλεια·
1060 2723 1151 2778 καὶ
1207 2726 1311 2794 γὰρ
1369 2723 1598 2778 ἐπόπται
1651 2723 1877 2776 πάντων

177 2809 268 2863 καὶ
310 2810 560 2864 δικασταὶ
603 2821 714 2865 τῶν
754 2812 1293 2882 ἀμφισβητουμένων
1333 2810 1423 2865 καὶ
1462 2811 1723 2865 κολασταὶ
1763 2821 1875 2865 τῶν
1900 2831 1943 2862 30

178 2899 646 2968 κατεγνωσμένων
688 2901 746 2954 οὗ
783 2902 946 2970 ἶερεῖς
986 2901 1317 2970 ἐτάχθησαν.
