2032 3128
704 135 914 178 ΛΟΓΟΣ
945 136 1268 178 ΠΡΟΤΕΡΟΣ
1304 165 1307 169 -
1724 133 1833 186 219

149 267 372 320 πάντων
410 266 708 334 ἀπαντῶσι,
748 269 820 336 μὴ
862 267 1195 338 ἀρνούμενοι
1234 269 1299 321 τὰ
1337 269 1572 338 πάτρια.’
1648 267 1832 337 <192>

150 353 438 424 παρέχεται
478 351 539 408 δὲ
577 354 668 408 καὶ
706 358 969 426 τεκμήρια
1006 364 1101 426 τῆς
1140 359 1701 427 ίσχυρογνωμοσύνης
1737 365 1834 426 τῆς

148 442 274 510 περὶ
320 453 432 496 τῶν
477 446 666 512 νόμων
706 444 807 497 οὐκ
855 445 1028 513 ὀλίγα.
1106 444 1244 514 φησὶ
1290 446 1422 516 γάρ,
1469 443 1833 514 Ἀλεξάνδρου

148 529 278 585 ποτὲ
318 531 378 584 ἐν
414 535 709 599 Βαβυλῶνι
747 532 1050 602 γενομένου
1088 533 1179 587 καὶ
1217 532 1593 604 προελομένου
1632 535 1694 587 τὸ
1733 541 1834 587 τοῦ

103 641 124 673 5
148 622 335 687 Βήλου
373 622 655 684 πεπτωκὸς
702 622 852 690 ἱερὸν
891 621 1269 691 ἀνακαθῆραι,
1315 621 1406 675 καὶ
1451 630 1621 675 πᾶσιν
1661 623 1835 676 αὐτοῦ

146 718 263 772 τοῖς
309 710 667 779 στρατιώταις
706 710 908 777 ὁμοίως
953 709 1146 779 φέρειν
1183 712 1280 764 τὸν
1318 719 1457 779 χοῦν
1495 709 1836 777 προστάξαν-

148 818 264 867 τος,
310 801 518 866 μόνους
562 800 693 860 τοὺς
731 797 1041 860 Ἰουδαίους
1087 799 1154 851 οὐ
1193 808 1512 869 προσσχεῖν,
1559 797 1698 851 ἀλλὰ
1744 796 1837 851 καὶ
1909 809 1912 813 ’

145 887 352 949 πολλὰς
381 886 675 955 ὑπομεῖναι
705 888 916 955 πληγὰς
950 885 1041 939 καὶ
1076 889 1264 955 ζημίας
1294 886 1548 940 ἀποτῖσαι
1581 886 1836 955 μεγάλας,

146 973 247 1036 ἕως
286 973 472 1037 αὐτοῖς
510 976 823 1043 συγγνόντα
861 976 959 1028 τὸν
991 974 1220 1043 βασιλέα
1261 976 1458 1028 δοῦναι
1493 976 1595 1044 τὴν
1627 975 1837 1027 ἄδειαν.

79 1084 122 1116 10
145 1063 328 1132 <193>
360 1062 499 1116 ‘ww
531 1082 590 1130 γε
630 1063 740 1131 μὴν
772 1064 850 1126 εἰς
879 1063 981 1131 τὴν
1011 1063 1225 1133 χώραν’
1258 1065 1401 1132 φησί
1433 1062 1597 1133 (πρὸς
1635 1063 1839 1125 αὐτοὺς

145 1150 574 1222 ἀφικνουμένων
611 1150 702 1204 καὶ
741 1151 880 1214 νεὼς
920 1149 1010 1204 καὶ
1050 1153 1272 1220 βωμοὺς
1309 1151 1837 1204 κατασκευασάντων

145 1242 358 1293 ἅπαντα
404 1247 574 1293 ταῦτα
612 1238 1012 1308 κατέσκαπτον,
1058 1239 1150 1293 καὶ
1195 1249 1308 1293 τῶν
1348 1238 1449 1309 μὲν
1489 1242 1685 1309 ζημίαν
1723 1249 1839 1302 τοῖς

144 1330 445 1398 σατράπαις
506 1326 770 1396 ἐξέτινον,
830 1331 963 1398 περί
1016 1348 1186 1382 τινων
1241 1326 1302 1381 δὲ
1363 1327 1454 1382 καὶ
1508 1329 1840 1397 συγγνώμης

144 1416 595 1487 μετελάμβανον.’
678 1415 770 1470 καὶ
822 1419 1285 1486 προσεπιτίθησιν
1340 1417 1426 1469 ὅτι
1481 1417 1701 1470 δίκαιον
1750 1414 1837 1468 ἐπὶ

76 1527 119 1559 15
144 1507 362 1569 τούτοις
407 1506 610 1568 αὐτούς
656 1505 770 1558 ε’στι
815 1506 1137 1574 θαυμάζειν.
1214 1505 1398 1574 <194>
1446 1504 1592 1573 λέγει
1641 1501 1702 1557 δὲ
1748 1503 1840 1557 καὶ

140 1594 266 1666 περὶ
298 1602 398 1649 τοῦ
428 1597 1015 1664 πολυανθρωπότατον
1047 1593 1336 1662 γεγονέναι
1367 1593 1524 1663 ἡμῶν
1551 1595 1612 1646 τὸ
1646 1595 1838 1656 ἔθνος·

140 1685 374 1747 (πολλὰς
420 1681 522 1752 μὲν
561 1684 666 1753 γὰρ
713 1683 897 1752 ἡμῶν’
938 1685 1114 1752 φησίν
1154 1682 1567 1744 εἀνασπάστους
1612 1684 1691 1745 εἰς
1729 1685 1840 1734 Βα-

139 1776 366 1842 βυλῶνα
413 1771 628 1839 Πέρσαι
677 1774 950 1841 πρότερον
997 1772 1183 1824 αὐτῶν
1230 1771 1499 1840 ἐποίησαν
1546 1770 1839 1840 μυριάδας,

141 1862 244 1915 οὐκ
283 1861 467 1930 ὀλίγαι
507 1858 568 1913 δὲ
614 1859 705 1914 καὶ
752 1861 886 1929 μετὰ
932 1862 1031 1914 τὸν
1064 1857 1431 1929 Ἀλεξάνδρου
1470 1859 1722 1912 θάνατον
1761 1861 1841 1922 εἰς

3 1942 8 1945 ’
71 1972 115 2003 20
139 1955 426 2018 Αἴγυπτον
466 1948 558 2003 καὶ
601 1953 873 2019 Φοινίκην
912 1948 1249 2018 μετέστησαν
1289 1949 1381 2001 διὰ
1420 1948 1521 2016 τὴν
1560 1946 1621 2000 έν
1653 1951 1839 2019 Συρίᾳ

138 2039 369 2092 στάσιν.’
446 2037 629 2108 <195>
674 2038 703 2092 ὁ
745 2035 793 2091 δ’
827 2038 993 2100 αὐτὸς
1039 2035 1200 2101 οὗτος
1245 2036 1388 2107 ἀνὴρ
1436 2035 1527 2090 καὶ
1568 2038 1635 2090 τὸ
1682 2036 1839 2106 μέγε-

138 2134 245 2190 θος
283 2135 379 2196 τῆς
416 2128 598 2198 χώρας
635 2126 705 2195 ἣν
741 2134 1109 2195 κατοικοῦμεν
1148 2124 1237 2179 καὶ
1278 2127 1339 2180 τὸ
1379 2125 1580 2188 κάλλος
1620 2126 1839 2196 ἱστόρη-

137 2237 248 2270 κεν.
302 2215 669 2287 ’“τριακοσίας
715 2217 819 2284 γὰρ
867 2217 1142 2285 μυριάδας
1188 2214 1448 2286 ἀρουρῶν
1496 2214 1696 2285 σχεδὸν
1745 2220 1840 2282 τῆς

139 2305 366 2375 ἀρίστης
421 2303 513 2358 καὶ
565 2305 1007 2374 παμφορωτάτης
1059 2306 1240 2374 χώρας
1293 2302 1582 2372 νέμονται’
1637 2306 1837 2372 φησίν·

73 2415 118 2448 25
142 2393 202 2461 (ἡ
251 2395 355 2463 γὰρ
398 2391 642 2447 Ἰουδαία
684 2394 922 2462 τοσαύτη
969 2394 1173 2457 πλάτος
1213 2393 1399 2447 ἐστίν.’
1478 2393 1659 2461 <196>
1699 2392 1839 2445 ἀλλὰ

140 2485 250 2552 μὴν
290 2482 374 2535 ὅτι
419 2485 512 2536 καὶ
558 2484 659 2551 τὴν
705 2485 871 2536 πόλιν
919 2482 1094 2550 αὐτὴν
1141 2483 1206 2535 τὰ
1244 2480 1606 2552 Ἱεροσόλυμα
1652 2483 1839 2534 καλλί-

140 2586 275 2640 στην
307 2591 365 2624 τε
404 2570 495 2624 καὶ
534 2576 797 2640 μεγίστην
830 2571 889 2624 ἐκ
919 2571 1291 2625 παλαιοτάτου
1322 2578 1705 2638 κατοικοῦμεν,
1746 2567 1838 2621 καὶ

138 2659 263 2728 περὶ
317 2662 572 2729 πλήθους
626 2659 851 2730 ἀνδρῶν
905 2658 997 2713 καὶ
1050 2658 1175 2730 περὶ
1221 2667 1317 2728 τῆς
1363 2666 1463 2712 τοῦ
1517 2659 1625 2712 νεὼ
1674 2677 1837 2711 κατα-

132 2756 364 2818 σκευῆς,
404 2749 580 2812 οὕτως
619 2749 784 2811 αὐτὸς
824 2750 1110 2818 διηγεῖται.
1179 2749 1364 2817 <197>
1397 2748 1538 2800 τἔστι
1578 2747 1683 2816 γὰρ
1726 2755 1840 2799 τῶν

0 2845 10 2914 f
71 2858 116 2891 30
134 2835 423 2891 Ἰουδαίων
469 2839 535 2890 τὰ
582 2834 683 2906 μὲν
730 2838 908 2891 πολλὰ
955 2837 1284 2907 ὀχυρώματα
1330 2836 1465 2889 κατὰ
1511 2837 1614 2904 τὴν
1653 2835 1839 2905 χώραν

136 2924 228 2981 καὶ
274 2935 478 2996 κῶμαι,
526 2929 622 2995 μία
671 2923 733 2979 δὲ
779 2928 939 2988 πόλις
977 2926 1151 2997 ὀχυρὰ
1205 2926 1549 2992 πεντήκοντα
1603 2924 1839 2992 μάλιστα
