2032 3128
674 134 883 177 ΛΟΓΟΣ
914 134 1235 176 ΠΡοΤΕΡοΣ
1693 129 1799 180 217

118 272 398 322 καλοῦσιν.
484 268 664 335 <18Ο>
715 264 876 330 οὗτος
929 262 1034 320 οὖν
1088 266 1117 320 ὁ
1172 268 1470 337 ἄνθρωπος
1525 265 1819 330 ἐπιξενού--

119 359 283 425 μενός
329 375 384 408 τε
431 359 656 418 πολλοῖς
701 355 804 408 κάκ
850 365 960 408 τῶν
1007 356 1120 408 ἄνω
1167 357 1351 408 τόπων
1390 357 1468 418 εἰς
1513 357 1642 417 τοὺς
1689 354 1803 407 ἐπι-

117 446 448 506 θαλαττίους
491 443 953 514 ὑποκαταβαίνων
991 441 1307 511 Ἑλληνικὸς
1347 440 1435 512 ἥν,
1475 443 1542 497 οὐ
1581 451 1644 513 τῇ
1685 444 1803 495 δια-

118 532 287 604 λέκτῳ
350 535 524 601 μόνον
586 532 726 586 ἀλλὰ
786 530 877 585 καὶ
931 540 995 602 τῇ
1049 540 1212 602 ψυχῇ.
1296 532 1479 602 <181>
1537 531 1628 584 καὶ
1681 535 1802 586 τότε

73 622 518 690 5διατριβόντων
564 621 720 691 ἡμῶν
765 620 890 691 περὶ
939 622 1041 690 τὴν
1080 619 1290 689 Ἀσίαν,
1343 621 1681 691 παραβαλὼν
1727 622 1805 683 εἰς

116 712 247 772 τοὺς
276 711 479 771 τόπους
511 708 570 761 ἐν
603 701 686 771 οἷς
715 705 874 778 ἦμεν,
914 708 1235 779 ἐντυγχάνει
1270 708 1402 778 ἡμῖν
1434 728 1490 761 τε
1530 711 1626 760 καί
1657 722 1803 761 τισιν

117 796 324 866 ἑτέροις
369 807 480 850 τῶν
525 801 918 866 σχολαστικῶν,
964 799 1303 867 πειρώμενος
1349 797 1532 850 αὐτῶν
1570 804 1666 865 τῆς
1712 810 1804 850 σο-

115 889 260 954 φίας.
346 886 418 948 ὡς
472 882 533 938 δὲ
594 889 820 948 πολλοῖς
872 895 985 938 τῶν
1038 885 1100 938 έν
1153 887 1377 957 παιδείᾳ
1438 888 1803 956 συνῳκείωτο,

115 974 422 1044 παρεδίδου
461 993 513 1026 τι
556 977 768 1041 μᾶλλον
809 968 888 1026 ὧν
926 970 1108 1043 εἷχεν.’
1177 974 1360 1042 <182>
1400 971 1551 1026 ταῦτ’
1585 978 1803 1042 εἴρηκεν

46 1087 91 1118 10
108 1060 487 1131 Ἀριστοτέλης
531 1063 677 1133 παρὰ
723 1069 798 1134 τῷ
846 1063 1137 1135 Κλεάρχῳ,
1184 1061 1276 1115 καὶ
1320 1061 1545 1132 προσέτι
1590 1056 1804 1131 πολλὴν

113 1149 204 1203 καὶ
249 1151 570 1220 θαυμάσιον
608 1154 901 1221 καρτερίαν
939 1160 1038 1205 τοῦ
1079 1149 1356 1204 Ἰουδαίου
1396 1151 1601 1220 ἀνδρὸς
1641 1150 1701 1204 ἐν
1738 1159 1803 1221 τῇ

114 1239 295 1310 διαίτῃ
342 1241 433 1292 καὶ
481 1241 853 1310 σωφροσύνην
894 1239 1128 1304 διεξιών.
1205 1242 1383 1293 ε”νεστι
1423 1237 1484 1292 δὲ
1522 1249 1638 1302 τοῖς
1675 1242 1806 1308 βου-

112 1327 368 1397 λομένοις
429 1328 483 1393 ἐξ
547 1330 719 1383 αὐτοῦ
781 1330 842 1382 τὸ
904 1328 1076 1383 πλέον
1130 1339 1339 1397 γνῶναι
1395 1337 1494 1382 τοῦ
1556 1330 1804 1398 βιβλίου·

113 1417 458 1487 φυλάττομαι
505 1419 609 1487 γὰρ
651 1417 756 1486 ἐγὼ
807 1417 920 1488 [τὰ]
967 1421 1135 1471 πλείω
1179 1427 1291 1471 τῶν
1332 1418 1538 1471 ἱκανῶν
1577 1420 1806 1486 παρατί-

43 1528 88 1561 15
110 1511 334 1559 θεσθαι.

222 1594 406 1664 <183>
437 1594 722 1666 Κλέαρχος
757 1593 860 1665 μὲν
891 1591 995 1649 οὖν
1026 1595 1088 1649 ἐν
1119 1596 1451 1666 παρεκβάσει
1483 1593 1638 1649 ταῦτ’
1658 1601 1806 1665 εἴρη-

108 1702 204 1735 κεν
241 1680 327 1754 (τὸ
364 1684 469 1754 γὰρ
503 1687 871 1754 προκείμενον
902 1681 973 1753 ἧν
1006 1684 1151 1756 αὐτῷ
1193 1680 1325 1738 καθ’
1357 1682 1591 1756 ἕτερον),
1631 1684 1807 1747 οὕτως

107 1771 266 1840 ἡμῶν
311 1774 721 1842 μνημονεύσας·
769 1771 1049 1836 Ἑκαταῖος
1096 1772 1145 1826 δ’
1186 1774 1215 1827 ὁ
1257 1771 1606 1843 Ἀβδηρίτης,
1660 1772 1802 1841 ἀνὴρ

108 1863 418 1931 φιλόσοφος
456 1862 567 1931 ἅμα
605 1860 698 1915 καὶ
737 1861 863 1932 περὶ
893 1863 988 1926 τὰς
1019 1862 1241 1930 πράξεις
1273 1864 1621 1930 ἱκανώτατος,
1655 1859 1801 1915 Ἀλε-

8 1951 86 2006 εο
111 1948 328 2022 ξάνδρῳ
382 1957 458 2022 τῷ
514 1954 734 2020 βασιλεῖ
785 1952 1139 2021 συνακμάσας
1191 1951 1285 2005 ’καὶ
1340 1954 1667 2024 Πτολεμαίῳ
1725 1958 1799 2022 τῷ

3 2961 29 3128 ΫΨῌἨ,
0 2897 18 2915 4
0 2804 5 2834 ,,

107 2037 303 2105 Λάγου
344 2042 774 2109 συγγενόμενος,
816 2040 884 2093 οὐ
921 2039 1233 2110 παρέργως,
1278 2040 1417 2093 ἀλλὰ
1455 2038 1580 2109 περὶ
1620 2039 1804 2092 αὐτῶν

102 2123 395 2178 Ἰουδαίων
436 2125 783 2197 συγγέγραφε
822 2131 1063 2197 βιβλίον,
1113 2127 1166 2192 ἐξ
1208 2125 1276 2181 οὗ
1320 2130 1594 2198 βούλομαι
1639 2147 1805 2198 κεφα-

109 2215 362 2277 λαιωδῶς
408 2214 734 2285 ἐπιδραμεῖν
773 2218 894 2270 ἔνια
940 2226 1051 2270 τῶν
1090 2216 1412 2287 εἰρημένων.
1490 2218 1671 2286 <184>
1713 2215 1804 2269 καὶ

107 2312 331 2373 πρῶτον
385 2303 637 2368 ἐπιδείξω
700 2307 799 2359 τὸν
854 2308 1086 2375 χρόνον·
1149 2307 1486 2380 μνημονεύει
1547 2307 1652 2377 γὰρ
1711 2313 1805 2374 τῆς

42 2416 86 2449 25
110 2395 465 2462 Πτολεμαίου
503 2392 629 2464 περὶ
669 2394 851 2459 Γάζαν
890 2396 1029 2465 πρὸς
1067 2396 1392 2465 Δημήτριον
1431 2395 1623 2465 μάχης,
1666 2395 1803 2463 αὕτη

112 2477 172 2533 δὲ
212 2479 443 2549 γέγονεν
483 2480 755 2562 ἑνδεκάτῳ
796 2480 898 2552 μὲν
938 2485 1044 2536 ἔτει
1083 2491 1180 2553 τῆς
1215 2482 1582 2553 Ἀλεξάνδρου
1622 2489 1805 2537 τελευ-

109 2575 222 2637 τῆς,
270 2568 359 2623 ἐπὶ
399 2569 447 2623 δ’
481 2571 824 2641 ὀλυμπιάδος
863 2570 1100 2642 ἑβδόμης
1144 2571 1236 2626 καὶ
1276 2573 1507 2642 δεκάτης
1552 2571 1643 2626 καὶ
1683 2571 1805 2626 ἑκα-

109 2665 334 2727 τοστῆς,
373 2659 446 2722 ὡς
486 2661 697 2731 ἱστορεῖ
732 2660 994 2729 Κάστωρ·
1041 2660 1225 2731 <185>
1263 2660 1496 2733 προθεὶς
1534 2663 1638 2732 γὰρ
1678 2663 1806 2715 ταύ-

110 2764 212 2813 την
250 2747 352 2815 τὴν
392 2748 706 2818 ὀλυμπιάδα
753 2752 925 2819 φησίν
981 2749 1098 2803 εἐπὶ
1142 2752 1343 2820 ταύτης
1381 2755 1729 2820 Πτολεμαῖος
1775 2751 1804 2805 ὁ

21 2860 88 2893 ‘30
111 2835 305 2903 Λάγου
355 2836 510 2890 ἐνίκα
556 2839 692 2891 κατὰ
733 2839 914 2903 Γάζαν
952 2840 1096 2910 μάχῃ
1137 2843 1462 2910 Δημήτριον
1500 2842 1598 2893 τὸν
1636 2835 1807 2893 Ἀντι-

111 2934 311 3001 γόνου,
364 2928 462 2980 τὸν
519 2926 888 2995 ἐπικληθέντα
943 2929 1369 3000 Πολιορκητήν.’
1439 2926 1807 2999 Ἀλέξανδρον
