2032 3128
162 124 270 175 246
779 124 938 166 ΚΑΤΑ
967 124 1245 166 ΑΠΙΩΝΟΣ

172 257 276 311 ἀπὸ
317 258 529 311 τούτων
568 257 724 312 αὐτοὶ
761 259 1200 328 χρηματίζοντες,
1255 259 1385 320 τοὺς
1427 256 1628 320 ἀδίκως
1667 255 1715 309 δ’
1756 257 1850 310 αὐ-

160 355 271 399 τῶν
318 345 811 415 ἀντιποιουμένους
859 343 1158 415 ἐλέγχουσι.
1236 345 1380 414 <31>
1419 347 1556 415 πρὸς
1602 345 1742 414 ἡμᾶς
1789 344 1851 400 δὲ

164 436 326 488 δυοῖν
364 434 605 504 θάτερον
646 436 941 503 Αἰγύπτιοι
979 435 1349 487 πεπόνθασιν·
1397 433 1429 502 ἢ
1479 435 1581 503 γὰρ
1623 434 1695 496 ὡς
1735 433 1850 487 ἐπι-

163 525 566 591 σεμνυνόμενοι
615 530 1050 594 προσποιοῦνται
1101 522 1201 590 τὴν
1253 521 1598 590 συγγένειαν,
1653 522 1685 591 ἢ
1737 536 1849 576 κοι-

158 612 376 673 νωνοὺς
405 610 547 679 ἡμᾶς
579 609 912 664 ἐπισπῶνται
951 609 1267 678 τῆςψαὺτῶν
1305 608 1642 673 κακοδοξίας.
1703 611 1848 679 <32>
1894 629 1914 662 5

161 699 188 752 ὁ
231 696 291 752 δὲ
339 708 592 767 γενναῖος
632 697 833 753 Ἀπίων
878 700 1032 752 δοκεῖ
1075 695 1175 767 μὲν
1214 698 1314 766 τὴν
1353 700 1708 767 βλασφημίαν
1746 700 1848 767 τὴν

160 785 294 840 καθ’
336 786 492 857 ἡμῶν
551 788 730 857 ὥσπερ
789 788 912 841 τινὰ
967 788 1175 856 μισθὸν
1231 785 1493 855 ἐθελῆσαι
1546 796 1850 857 παρασχεῖν

156 873 573 945 Ἀλεξανδρεῦσι
618 884 714 945 τῆς
760 877 1021 945 δοθείσης
1067 874 1213 946 αὐτῷ
1260 878 1562 943 πολιτείας,
1617 873 1708 928 καὶ
1747 876 1848 943 τὴν

159 962 459 1034 ἀπέχθειαν
510 963 693 1017 αὐτῶν
740 963 1097 1033 ἐπιστάμενος
1143 963 1243 1032 τὴν
1289 964 1426 1031 πρὸς
1479 964 1609 1025 τοὺς
1659 977 1848 1016 συνοι-

157 1061 391 1115 κοῦντας
430 1051 618 1116 αὐτοῖς
657 1050 743 1105 ἐπὶ
781 1059 875 1120 τῆς
915 1050 1328 1121 Ἀλεξανδρείας
1370 1048 1675 1114 Ἰουδαίους
1712 1069 1845 1121 προ-
1870 1075 1913 1107 10

156 1139 400 1194 τέθειται
449 1137 550 1210 μὲν
597 1139 828 1203 ἐκείνοις
874 1141 1282 1207 λοιδορεῖσθαι,
1337 1140 1847 1208 συμπεριλαμβάνει

161 1226 221 1282 δὲ
259 1227 352 1283 καὶ
390 1232 518 1292 τοὺς
557 1230 759 1291 ἄλλους
790 1229 1052 1296 ἅπαντας,
1092 1226 1154 1281 ἐν
1185 1225 1516 1296 ἀμφοτέροις
1551 1226 1847 1297 ἀναισχύν-

157 1338 262 1381 τως
298 1319 655 1387 ψευδόμενος.
1859 1319 1861 1323 ’

269 1406 413 1475 <33>
453 1409 578 1460 τίνα
623 1408 817 1460 τοίνυν
863 1404 975 1459 ἐστὶ
1023 1406 1088 1458 τὰ
1132 1405 1287 1458 δεινὰ
1333 1402 1424 1457 καὶ
1471 1403 1690 1474 σχέτλια
1736 1414 1846 1458 τῶν

158 1494 217 1548 ἐν
268 1490 651 1566 Ἀλεξανδρείᾳ
703 1494 1109 1547 κατοικούντων
1160 1490 1468 1562 Ἰουδαίων,
1530 1492 1564 1545 ἃ
1616 1496 1845 1563 κατηγό-
1871 1516 1912 1549 15
2006 1520 2013 1523 “

157 1603 323 1653 ρηκεν
363 1583 566 1651 αὐτῶν,
611 1584 831 1652 ἴδωμεν.
910 1581 1216 1656 (ἐλθόντες’
1257 1584 1428 1650 φησίν
1468 1580 1595 1634 εἀπὸ
1636 1585 1848 1652 Συρίας

158 1671 377 1744 ᾤκησαν
425 1673 562 1740 πρὸς
608 1671 871 1741 ἀλίμενον
917 1671 1229 1739 θάλασσαν,
1279 1669 1683 1738 γειτνιάσαντες
1729 1680 1846 1734 ταῖς

156 1770 267 1814 τῶν
305 1760 563 1830 κυμάτων
597 1759 882 1830 ἐκβολαῖςῖ
945 1759 1090 1829 <34>
1130 1760 1338 1814 οὐκοῦν
1375 1759 1404 1813 ὁ
1444 1761 1607 1821 τόπος
1646 1761 1697 1812 εί
1734 1764 1846 1812 λοι-

159 1850 354 1919 δορίαν
394 1850 522 1919 ἔχει,
568 1850 669 1918 τὴν
709 1849 777 1902 οὐ
815 1849 1051 1919 πατρίδα
1090 1845 1191 1917 μὲν
1231 1846 1534 1917 λεγομένην
1574 1845 1621 1900 δ’
1656 1848 1846 1916 αὑτοῦ,

158 1939 259 2006 τὴν
291 1935 709 2006 Ἀλεξάνδρειαν
748 1937 1019 2006 λοιδορεῖ·
1050 1933 1270 2006 Ἰἐκείνης
1307 1937 1411 2005 γὰρ
1450 1934 1542 1990 καὶ
1574 1938 1635 1990 τὸ
1674 1937 1847 2006 παρά·
1871 1961 1914 1993 20

157 2029 282 2080 λιόν
330 2025 444 2079 ἐστι
491 2023 679 2094 μέρος,
735 2025 809 2088 ὡς
857 2026 1054 2088 πάντες
1101 2025 1491 2094 ὁμολογοῦσιν,
1545 2026 1623 2087 εἰς
1668 2027 1849 2079 κατοί-

158 2128 320 2183 κησιν
358 2116 420 2168 τὸ
460 2114 769 2168 κάλλιστον.
839 2112 985 2183 <35>
1027 2110 1287 2168 Ἰουδαῖοι
1327 2111 1377 2166 δ’
1412 2115 1464 2167 εἰ
1508 2110 1609 2183 μὲν
1655 2114 1848 2182 βιασά-

159 2223 316 2273 μενοι
369 2202 634 2273 κατέσχον
689 2203 763 2266 ὡς
815 2201 940 2273 μηδ’
988 2203 1221 2273 ὕστερον
1273 2202 1539 2271 ἐκπεσεῖν,
1593 2201 1851 2269 ἀνδρείας

159 2294 454 2363 τεκμήριόν
494 2289 606 2345 ἐστ’
637 2291 836 2355 αὐτοῖς.
899 2293 978 2355 είς
1016 2294 1332 2361 κατοίκησιν
1372 2288 1425 2344 δ’
1456 2290 1642 2355 αὐτοῖς
1681 2292 1849 2345 ἔδωκε

161 2378 308 2452 (τὸν)
356 2383 527 2434 τόπον
578 2377 956 2449 Ἀλέξανδρος,
1010 2378 1100 2433 καὶ
1150 2385 1270 2449 ἴσης
1315 2381 1462 2449 παρὰ
1508 2390 1623 2443 τοῖς
1660 2382 1848 2432 Μακε-
1872 2404 1915 2436 25

161 2470 287 2523 δόσι
333 2476 489 2539 τιμῆς
536 2467 815 2538 ἐπέτυχον.
901 2469 1060 2537 <36>
1108 2468 1208 2522 οὐκ
1255 2465 1380 2522 οἶδα
1428 2466 1489 2522 δὲ
1527 2471 1584 2521 τί
1623 2466 1746 2522 ποτ’
1780 2467 1850 2521 ἂν

162 2560 350 2627 ἔλεγεν
391 2555 609 2626 Ἀπίων,
657 2558 709 2609 εί
744 2558 880 2627 πρὸς
923 2564 987 2627 τῇ
1029 2559 1372 2627 Νεκροπόλει
1409 2554 1715 2628 κατῴκουν,
1761 2555 1850 2609 καὶ

162 2647 234 2715 μὴ
290 2647 427 2716 πρὸς
480 2655 594 2708 τοῖς
623 2646 951 2713 ’βασιλείοις
1010 2640 1151 2713 ἦσαν
1207 2642 1494 2715 ἱδρυμένοι
1545 2643 1637 2698 καὶ
1691 2644 1849 2715 μέχρι

166 2742 269 2787 νῦν
315 2733 498 2787 αὐτῶν
536 2734 570 2802 ἡ
611 2734 760 2802 φυλὴ
800 2734 901 2802 τὴν
947 2735 1324 2803 προσηγορίαν
1363 2727 1473 2802 εἷχε
1511 2734 1849 2795 Μακεδόνες.

162 2823 306 2892 <37>
346 2824 398 2875 εί
434 2819 535 2891 μὲν
575 2817 677 2875 οὖν
717 2821 993 2889 ἀναγνοὺς
1030 2822 1125 2884 τὰς
1164 2820 1448 2884 ἐπιστολὰς
1488 2820 1849 2891 Ἀλεξάνδρου
1873 2849 1916 2880 30

161 2918 262 2964 τοῦ
316 2909 586 2980 βασιλέως
639 2908 728 2964 καὶ
783 2910 878 2973 τὰς
931 2912 1280 2979 Πτολεμαίου
1334 2916 1434 2963 τοῦ
1481 2910 1700 2978 Λάγου,
1759 2909 1850 2964 καὶ
