2032 3128
247 117 352 170 180
671 117 796 160 ΤΟΤ
826 118 1168 160 ῙΟΤΔΑΙΚΟΤ
1198 117 1511 159 ΠΟΛΕΜΟΥ
1559 112 1577 132 ⁸

242 251 381 304 ἀλλὰ
428 252 620 320 δεινὴν
665 253 1017 320 πανταχόθεν
1065 249 1295 319 ἐρημίαν
1341 249 1432 303 καὶ
1470 259 1580 320 πῦρ
1631 252 1797 304 ἔνδον
1835 250 1926 304 καὶ

243 342 483 407 σιωπήν,
531 339 751 407 ἀπόρως
790 336 942 409 εἶχον
981 340 1042 392 τὸ
1083 339 1310 406 γεγονὸς
1349 342 1679 407 συμβαλεῖν,
1717 338 1807 392 καὶ
1845 339 1928 393 τέ-

243 432 336 490 λος
375 428 448 490 ὡς
487 429 564 490 εἰς
602 429 802 496 ἄφεσιν
841 430 1009 494 βολῆς
1047 425 1344 494 ἠλάλαξαν,
1382 431 1439 479 εἴ
1465 446 1589 480 τινα
1619 435 1731 479 τῶν
1763 428 1929 481 ε”νδον

241 514 690 583 προκαλέσαιντο.
756 513 939 582 <4Ο4>
978 521 1072 582 τῆς
1111 511 1174 567 δὲ
1212 518 1347 583 βοῆς
1385 520 1644 583 αἴσθησις
1682 517 1927 582 γίγνεται

239 612 355 665 τοῖς
401 606 676 670 γυναίοις,
724 601 826 655 κάκ
871 611 983 654 τῶν
1031 603 1329 671 ὑπονόμων
1375 602 1647 656 ἀναδῦσαι
1693 605 1754 655 τὸ
1793 621 1928 671 πρα-
1975 625 1996 655 5

241 689 404 761 χθέν,
453 691 527 753 ὡς
565 687 700 760 εἶχε,
750 691 887 758 πρὸς
925 692 1054 753 τοὺς
1084 689 1383 759 Ῥωμαίους
1429 690 1699 757 ἐμήνυον,
1749 689 1927 742 πάντα

242 786 337 848 τῆς
392 777 578 844 ἐτέρας
632 779 704 841 ὡς
759 776 957 846 ἐλέχθη
1008 795 1065 829 τε
1116 774 1208 829 καὶ
1255 778 1379 829 τίνα
1424 780 1631 845 τρόπον
1682 776 1929 847 ἐπράχθη

245 877 431 937 σαφῶς
486 853 927 935 ἐκδιηγουμένης.
1005 864 1202 932 <405>
1260 863 1327 916 οὐ
1381 865 1491 932 μὴν
1542 864 1747 936 ῥᾳδίως
1793 866 1930 937 αὐτῇ

241 965 537 1025 προσεῖχον
595 961 670 1025 τῷ
726 953 951 1022 μεγέθει
1005 959 1106 1005 τοῦ
1161 954 1504 1022 τολμήματος
1557 951 1930 1024 ἀπιστοῦντες,

243 1042 562 1113 ἐπεχείρουν
601 1061 657 1095 τε
698 1044 760 1095 τὸ
800 1050 909 1110 πῦρ
951 1041 1276 1108 σβεννύναι,
1316 1039 1407 1093 καὶ
1441 1039 1644 1111 ταχέως
1674 1042 1809 1096 ὁδὸν
1848 1030 1998 1097 δι’-ιο

244 1131 417 1184 αὐτοῦ
456 1133 709 1199 τεμόντες
747 1139 858 1183 τῶν
898 1132 1195 1198 βασιλείων
1236 1129 1390 1191 ἐντὸς
1429 1127 1701 1196 ἐγένοντο.
1749 1131 1931 1200 <406>

243 1218 335 1273 καὶ
366 1228 440 1292 τῷ
479 1221 682 1287 πλήθει
722 1227 833 1271 τῶν
871 1216 1302 1287 πεφονευμένων
1343 1217 1689 1286 ἐπιτυχόντες
1728 1219 1827 1290 οὐχ
1859 1221 1932 1284 ὡς

245 1307 334 1361 ἐπὶ
372 1310 654 1376 πολεμίοις
690 1307 976 1376 ἥσθησαν,
1022 1307 1124 1374 τὴν
1165 1302 1226 1358 δὲ
1265 1308 1625 1374 γενναιότητα
1663 1316 1762 1361 τοῦ
1800 1312 1931 1378 βου-

246 1397 514 1465 λεύματος
538 1394 627 1448 καὶ
652 1396 752 1464 τὴν
786 1394 846 1448 ἐν
878 1394 1176 1456 τοσούτοις
1194 1395 1462 1463 ἄτρεπτον
1494 1392 1580 1447 ἐπὶ
1611 1404 1722 1449 τῶν
1753 1398 1932 1467 ἔργων

248 1484 575 1553 ἐθαύμασαν
614 1492 713 1537 τοῦ
751 1483 1004 1536 θανάτου
1042 1485 1471 1552 καταφρόνησιν.
1959 1505 2003 1538 15

163 1574 231 1625 10
361 1573 542 1642 (407)
579 1573 833 1640 τοιαύτης
866 1569 927 1625 δὲ
956 1579 1052 1640 τῆς
1083 1570 1336 1635 ἁλώσεως
1373 1569 1676 1641 γενομένης
1715 1570 1804 1626 ἐπὶ
1834 1570 1937 1641 μὲν

247 1669 348 1716 τοῦ
386 1664 662 1732 φρουρίου
701 1664 1014 1714 καταλείπει
1050 1661 1307 1730 φυλακὴν
1347 1660 1376 1714 ὁ
1417 1663 1734 1731 στρατηγός,
1773 1660 1938 1724 αὐτὸς

250 1748 311 1804 δὲ
350 1751 483 1819 μετὰ
521 1757 616 1818 τῆς
647 1750 935 1818 δυνάμεως
967 1748 1218 1817 ἀπῆλθεν
1250 1751 1327 1811 εἰς
1359 1749 1714 1817 Καισάρειαν.
1754 1749 1938 1819 <4Ο8>
2031 1789 2032 1806 2

251 1836 382 1893 οὐδὲ
430 1839 534 1909 γὰρ
581 1838 904 1892 ὑπελείπετό
950 1858 1033 1901 τις
1077 1847 1188 1891 τῶν
1234 1837 1369 1890 κατὰ
1415 1839 1516 1906 τὴν
1555 1839 1740 1908 χώραν
1779 1843 1939 1892 πολε·
2031 1813 2032 1892 ἦ

251 1931 422 1997 μίων,
475 1924 594 1980 ἀλλ’
631 1928 737 1995 ἤδη
787 1934 934 1979 πᾶσα
982 1926 1073 1979 διὰ
1120 1933 1333 1995 μακροῦ
1379 1934 1479 1979 τοῦ
1525 1925 1768 1995 πολέμου
1816 1947 1939 1980 κατ·
1964 1948 2008 1980 20

253 2016 547 2086 έστραπτο,
609 2019 834 2078 πολλοῖς
889 2013 980 2068 καὶ
1041 2023 1154 2068 τῶν
1209 2013 1471 2067 ἀπωτάτω
1530 2016 1940 2069 κατοικούντων

253 2110 518 2174 αἴσθησιν
565 2102 657 2157 καὶ
702 2105 972 2157 κίνδυνον
1010 2111 1246 2174 ταραχῆς
1286 2105 1680 2173 παρασχόντος.
1756 2104 1940 2173 <4Ο9>

252 2195 331 2246 ἔτι
371 2190 432 2245 δὲ
478 2190 570 2245 καὶ
615 2190 740 2262 περὶ
776 2191 1193 2260 Ἀλεξάνδρειαν
1239 2193 1341 2260 τὴν
1389 2190 1449 2244 ἐν
1495 2193 1759 2266 Αἰγύπτῳ
1807 2194 1940 2262 μετὰ

253 2290 423 2335 ταῦτα
476 2279 681 2350 συνέβη
732 2283 972 2344 πολλοὺς
1013 2278 1305 2335 Ἰουδαίων
1359 2279 1684 2334 ἀποθανεῖν.
1760 2281 1942 2349 <410>

253 2380 367 2433 τοῖς
405 2370 509 2439 γὰρ
551 2368 609 2422 ἐκ
647 2376 742 2438 τῆς
781 2371 1020 2432 στάσεως
1049 2379 1162 2423 τῶν
1193 2372 1459 2440 σικαρίων
1498 2368 1612 2422 ἐκεῖ
1648 2371 1941 2440 διαφυγεῖν
1966 2389 2009 2422 25

255 2460 587 2527 δυνηθεῖσιν
628 2458 729 2512 οὐκ
768 2457 973 2529 ἀπέχρη
1013 2460 1075 2512 τὸ
1116 2459 1406 2527 σώζεσθαι,
1448 2458 1615 2511 πάλιν
1656 2455 1718 2511 δὲ
1756 2478 1942 2512 καινο-

255 2546 436 2618 τέροις
474 2547 790 2617 ἐνεχείρουν
828 2548 1140 2618 πράγμασι,
1187 2545 1278 2600 καὶ
1317 2549 1557 2610 πολλοὺς
1595 2556 1705 2600 τῶν
1743 2547 1942 2602 ὑποδε-

256 2635 504 2706 ξαμένων
558 2638 787 2690 ἔπειθον
841 2643 936 2704 τῆς
990 2634 1309 2703 ἐλευθερίας
1363 2635 1798 2706 ἀντιποιεῖσθαι,
1851 2634 1941 2689 καὶ

248 2722 547 2794 Ῥωμαίους
593 2721 694 2794 μὲν
745 2721 919 2793 μηδὲν
963 2727 1246 2793 κρείττους
1288 2724 1471 2778 αὐτῶν
1510 2724 1943 2794 ὑπολαμβάνειν,

256 2815 395 2867 θεὸν
450 2811 511 2867 δὲ
563 2815 739 2883 μόνον
792 2812 1050 2882 ἡγεῖσθαι
1105 2814 1391 2882 δεσπότην.
1469 2812 1669 2882 <411>
1715 2810 1831 2866 ἐπεὶ
1885 2807 1938 2865 δ’
1967 2832 1988 2865 3

258 2902 444 2966 αὐτοῖς
488 2912 599 2956 τῶν
648 2902 750 2957 οὐκ
795 2901 1025 2972 ἀφανῶν
1072 2922 1219 2966 τινες
1259 2900 1545 2956 Ἰουδαίων
1595 2900 1942 2971 ἀντέβαινον,
