2032 3128
211 77 279 128 72
636 78 760 119 ΤοΤ
790 79 1128 120 ΙοΤΔΑῙΚοΤ
1157 78 1466 121 ΠΟΛΕΜΟΥ
1976 0 2006 115 ἒ

209 213 352 264 πολὺ
406 214 622 279 πλῆθος
667 206 737 278 ἦν
785 209 843 264 ἐν
890 217 955 280 τῇ
1002 212 1158 263 πόλει
1204 219 1434 282 χρυσοῦ·
1471 213 1704 265 ’δώδεκα
1750 220 1884 280 γοῦν

205 297 461 352 Ἀττικῶν
517 297 791 352 ἐωνοῦντο
845 299 911 351 τὰ
963 301 1232 369 πρότερον
1285 300 1545 370 ἰσχύοντα
1593 299 1752 354 πέντε
1798 297 1896 362 καὶΥ

210 392 433 441 εἴκοσιν.
493 387 674 455 <551>
714 386 851 440 ἀλλά
889 407 974 440 τοι
1012 394 1105 455 τῆς
1144 386 1388 451 ἐπινοίας
1426 387 1777 458 ἐλεγχθείσης
1811 385 1878 440 δι’

212 474 361 544 ἑνός,
425 474 830 544 ἀναπίμπλαται
892 472 994 544 μὲν
1055 477 1239 544 φήμης
1298 476 1364 528 τὰ
1427 478 1765 547 στρατόπεδα
1816 475 1889 538 ὡς

210 562 399 633 μεστοὶ
437 566 667 632 χρυσίου
706 573 931 634 παρεῖεν
963 564 1021 617 οἱ
1051 563 1367 632 αὐτόμολοι,
1404 565 1466 617 τὸ
1500 562 1561 617 δὲ
1591 574 1701 617 τῶν
1736 562 1889 633 Ἀρά-
1933 583 1956 618 5

211 655 329 720 βων
374 656 587 720 πλῆθος
632 650 722 704 καὶ
770 652 827 705 οἱ
870 653 1050 720 Σύροι
1096 654 1225 714 τοὺς
1276 650 1452 714 ἱκέτας
1498 650 1891 720 ἀνατέμνοντες

211 742 464 810 ἠρεύνων
495 741 591 802 τὰς
623 738 900 810 γαστέρας.
957 740 1139 810 (552)
1177 738 1268 793 καὶ
1306 742 1505 794 τούτου
1545 749 1645 794 τοῦ
1676 740 1893 802 πάθους

212 826 380 882 οὐδὲν
428 830 610 897 ἔμοιγε
659 829 812 881 δοκεῖ
858 831 1134 897 συμβῆναι
1166 825 1457 892 Ἰουδαίοις
1496 829 1891 898 χαλεπώτερον·

213 925 311 988 μιᾷ
354 925 491 985 γοῦν
532 916 943 986 ἀνεσχίσθησαν
981 914 1138 969 νυκτὶ
1176 917 1312 987 πρὸς
1345 919 1660 987 δισχιλίους.
1712 916 1894 984 <553>

213 1004 303 1059 καὶ
343 1008 513 1074 γνοὺς
550 1006 651 1074 τὴν
689 1007 1038 1075 παρανομίαν
1078 1008 1296 1075 Καῖσαρ
1338 1006 1529 1073 ὀλίγου
1569 1003 1669 1074 μὲν
1706 1003 1895 1074 ἐδέησε
1921 1026 1964 1058 ιο

213 1097 273 1148 τὸ
323 1095 545 1148 ἱππικὸν
590 1095 922 1164 περιστήσας
967 1097 1351 1148 κατακοντίσαι
1397 1096 1528 1157 τοὺς
1566 1096 1800 1161 αἰτίους,
1849 1095 1900 1146 εἰ

212 1185 285 1252 μὴ
332 1185 475 1236 πολὺ
521 1186 736 1250 πλῆθος
783 1181 1019 1252 ἐνείχετο
1065 1181 1156 1236 καὶ
1202 1191 1314 1235 τῶν
1366 1181 1728 1253 ἀνῃρημένων
1766 1185 1898 1235 πολ-

211 1274 549 1334 λαπλασίους
595 1267 736 1339 ἦσαν
785 1272 843 1324 015
885 1274 1375 1340 κολασθησόμενοι.
1455 1269 1650 1340 <554>
1698 1283 1898 1337 συγκα-

212 1359 373 1423 λέσας
419 1358 479 1414 δὲ
530 1362 658 1424 τούς
703 1381 761 1413 τε
809 1370 918 1414 τῶν
966 1361 1269 1431 συμμάχων
1314 1361 1587 1431 ἡγεμόνας
1633 1358 1723 1413 καὶ
1773 1361 1900 1422 τοὺς

212 1457 323 1502 τῶν
362 1450 651 1519 ταγμάτων
694 1450 1184 1519 (συνδιεβάλλοντο
1224 1450 1330 1520 γὰρ
1369 1448 1461 1503 καὶ
1492 1458 1604 1503 τῶν
1637 1463 1899 1517 στρατιω-
1925 1468 1969 1502 15

213 1547 322 1590 τῶν
362 1539 532 1605 τινες)
573 1540 709 1607 πρὸς
749 1536 1038 1607 ἑκατέρους
1085 1538 1412 1606 ἀγανακτεῖν
1452 1540 1667 1607 ἔλεγεν,
1721 1535 1902 1605 <555>

212 1628 264 1678 εἰ
311 1636 423 1679 τῶν
473 1623 574 1696 μὲν
626 1629 731 1680 σὺν
786 1626 931 1699 αὐτῷ
986 1626 1435 1697 στρατευομένων
1485 1623 1630 1688 τινὲς
1676 1632 1902 1678 τοιαῦτα

215 1716 387 1783 δρῶσι
442 1714 674 1782 κέρδους
721 1715 907 1769 ἕνεκεν
954 1716 1190 1785 ἀδήλου,
1245 1712 1383 1785 μηδὲ
1433 1716 1499 1768 τὰ
1550 1716 1691 1768 ὅπλα
1743 1723 1902 1783 σφῶν

213 1803 397 1857 αὐτῶν
437 1805 760 1873 αἰδούμενοι
799 1803 1138 1873 πεποιημένα
1172 1803 1225 1870 ἐξ
1259 1803 1507 1875 ἀργύρου
1546 1823 1603 1857 τε
1644 1801 1735 1856 καὶ
1773 1823 1904 1873 χρυ-

216 1899 340 1945 σοῦ·
382 1892 561 1960 <556>
593 1901 709 1955 τοῖς
742 1891 790 1945 δ’
818 1891 1022 1963 ’Ἁραψι
1053 1891 1145 1946 καὶ
1183 1902 1298 1955 τοῖς
1328 1894 1558 1961 Σύροις,
1597 1893 1649 1944 εἰ
1684 1901 1904 1961 πρῶτον
1926 1911 1973 1945 v20

214 1977 316 2049 μὲν
369 1979 429 2032 ἐν
483 1979 753 2054 ἀλλοτρίῳ
803 1980 1024 2053 πολέμῳ
1079 1990 1193 2044 τοῖς
1246 1981 1486 2034 πάθεσιν
1542 1979 1905 2044 αὐτεξουσίως

214 2078 472 2138 χρῶνται,
512 2071 695 2123 ἔπειτα
727 2077 793 2140 τῇ
831 2069 957 2139 περὶ
997 2072 1210 2140 φόνους
1249 2070 1486 2138 ὠμότητι
1526 2067 1618 2122 καὶ
1656 2070 1730 2140 τῷ
1770 2071 1908 2138 πρὸς

207 2153 515 2220 Ἰουδαίους
562 2161 710 2227 μίσει
741 2156 1040 2228 Ῥωμαίους
1079 2158 1467 2227 ἐπιγράφουσι·
1523 2156 1615 2211 καὶ
1653 2158 1760 2227 γὰρ
1799 2164 1907 2210 νῦν

216 2244 400 2308 ἐνίους
439 2245 587 2318 αὐτῷ
628 2256 739 2300 τῶν
780 2256 1130 2316 στρατιωτῶν
1171 2247 1583 2301 συναπολαύειν
1614 2254 1711 2316 τῆς
1748 2265 1909 2299 κακο-

217 2333 417 2398 δοξίας.
495 2334 679 2404 <557>
728 2337 945 2399 τούτοις
991 2333 1092 2405 μὲν
1139 2331 1243 2389 οὖν
1283 2337 1601 2405 διηπείλησε
1639 2334 1909 2402 θάνατον,
1933 2354 1977 2388 25

215 2428 272 2476 εἴ
303 2443 385 2485 τις
424 2422 681 2493 εὑρεθείη
720 2424 889 2478 πάλιν
928 2424 1092 2478 ταύτὸ
1132 2429 1371 2493 τολμῶν,
1410 2433 1526 2486 τοῖς
1565 2421 1615 2476 δ’
1662 2422 1768 2476 ἀπὸ
1799 2430 1911 2476 τῶν

215 2511 509 2580 ταγμάτων
540 2510 860 2566 ἐπέστελλεν
890 2512 1292 2583 ἐρευνήσαντας
1314 2515 1445 2576 τοὺς
1466 2512 1749 2574 ὑπόπτους
1781 2510 1911 2563 ἀνα-

216 2610 410 2668 γαγεῖν
466 2598 548 2653 ἐπ’
595 2600 780 2655 αὐτόν.
857 2600 1054 2671 <558>
1103 2604 1435 2671 κατεφρόνει
1491 2599 1568 2669 δ’,
1621 2601 1694 2663 ὡς
1749 2601 1912 2668 ἔοικε,

215 2691 621 2759 φιλοχρηματία
659 2689 837 2759 πάσης
882 2690 1187 2758 κολάσεως,
1237 2688 1329 2743 καὶ
1378 2691 1561 2752 δεινὸς
1600 2687 1912 2758 ἐμπέφυκεν

217 2775 540 2844 ἀνθρώποις
578 2785 680 2831 τοῦ
713 2780 1029 2848 κερδαίνειν
1063 2781 1216 2849 ἔρως,
1257 2777 1426 2832 οὐδέν
1456 2777 1512 2831 θ’
1555 2777 1699 2830 οὕτω
1732 2777 1915 2838 πάθος
1938 2797 1982 2830 80

218 2865 293 2928 ὡς
324 2865 613 2930 πλεονεξία
644 2867 1067 2937 παραβάλλεται.
1119 2865 1304 2936 <559>
1335 2866 1369 2935 ἢ
1400 2874 1572 2920 ταῦτα
1603 2862 1705 2935 μὲν
1736 2867 1916 2927 ἄλλως
