2032 3128
193 91 300 144 256
651 94 890 136 CONTRA
919 94 1190 136 APIONEM
1219 96 1331 140 LIB.
1355 97 1414 138 11.

192 226 420 278 transire
467 245 626 295 quam
673 222 1037 279 sacerdotibus
1086 227 1307 280 scelesta
1345 228 1507 282 verba
1553 230 1867 299 confingere.

195 314 337 381 <90>
383 314 476 366 isti
521 332 646 367 vero
694 314 865 385 magis
920 315 1170 367 studuere
1223 316 1497 369 defendere
1552 318 1869 388 sacrilegum

191 419 370 471 regem
410 420 570 470 quam
605 404 753 471 justa
792 407 845 455 613
883 404 1091 456 veracia
1129 405 1192 456 de
1230 405 1432 457 nostris
1473 409 1527 458 et
1566 405 1628 459 de
1667 406 1867 475 templo

191 491 537 543 conscribere.
606 492 844 544 volentes
884 492 1025 545 enim
1062 491 1332 546 Antiocho
1375 497 1645 561 praestare
1693 497 1746 546 et
1791 494 1868 546 in—

190 578 501 632 fidelitatem
533 598 591 632 ac
624 580 962 650 sacrilegium
994 581 1105 649 ejus
1137 584 1332 651 tegere,
1364 600 1468 650 quo
1495 582 1633 635 circa
1655 585 1870 652 gentem
1915 606 1935 638 5

189 670 432 719 nostram
471 671 552 719 est
598 686 727 720 usus
774 672 995 737 propter
1033 672 1325 739 egestatem
1374 671 1741 740 pecuniarum,
1787 672 1870 724 de-

191 755 462 808 trahentes
507 756 666 809 nobis
714 758 876 810 etiam
917 776 1052 827 quae
1090 758 1148 810 in
1192 759 1391 811 futuris
1435 747 1614 811 essent
1653 759 1871 812 dicenda

190 844 404 896 mentiti
443 848 582 897 sunt.
661 846 804 914 <91>
841 846 1106 915 propheta
1144 865 1268 900 vero
1309 847 1538 900 aliorum
1576 848 1747 900 factus
1788 851 1870 900 est

190 931 387 1004 Apion,
425 937 478 986 et
509 933 645 986 dixit
675 933 1024 998 Antiochum,
1041 936 1099 987 in
1137 935 1337 1004 templo
1370 936 1635 988 invenisse
1672 936 1870 988 lectum

191 1025 243 1074 et
274 1021 546 1074 hominem
575 1023 634 1075 in
665 1041 724 1075 eo
759 1024 1038 1094 jacentem,
1077 1027 1130 1075 et
1162 1024 1462 1093 appositam
1494 1024 1543 1077 ei
1574 1025 1869 1077 mensulam
1895 1049 1937 1080 ιο

189 1110 474 1163 maritimis
507 1112 838 1180 terrenisque
871 1115 923 1163 et
955 1112 1258 1165 volatilium
1289 1113 1515 1182 dapibus
1551 1113 1777 1184 plenam,
1812 1117 1870 1167 613

192 1200 334 1268 quod
379 1200 748 1268 obstupuisset
793 1199 880 1253 his
925 1201 1102 1253 hom0.
1182 1202 1325 1269 <92>
1373 1201 1527 1253 illum
1573 1219 1696 1254 vero
1743 1221 1869 1255 mox

190 1289 435 1342 adorasse
466 1289 608 1358 regis
640 1289 942 1358 ingressum
972 1292 1230 1358 tanquam
1259 1289 1547 1342 maximam
1578 1290 1683 1343 sibi
1714 1309 1870 1359 opem

189 1378 510 1447 praebituri3
571 1396 630 1430 ac
682 1378 1046 1446 procidentem
1107 1378 1174 1431 ad
1230 1379 1340 1447 ejus
1395 1395 1590 1449 genua,
1650 1382 1870 1432 extensa

189 1465 404 1518 dextera
441 1467 750 1535 poposcisse
780 1466 1113 1536 libertatem3
1152 1470 1205 1520 et
1237 1467 1459 1536 jubente
1490 1484 1615 1537 rege
1647 1470 1710 1520 ut
1748 1485 1867 1521 con·
1893 1491 1935 1523 15
2007 1513 2022 1522 ,

187 1555 397 1624 fideret,
436 1558 489 1607 et
529 1555 724 1608 diceret
763 1556 883 1625 quis
923 1558 1063 1608 esset
1105 1555 1188 1608 vel
1226 1574 1320 1608 cur
1357 1556 1556 1608 ibidem
1599 1555 1869 1610 habitaret

188 1643 272 1695 vel
304 1662 439 1712 quae
470 1647 609 1697 esset
641 1663 798 1697 causa
830 1645 1072 1697 ciborum
1107 1645 1236 1714 erS,
1274 1648 1403 1697 tunc
1439 1645 1712 1697 hominem
1749 1663 1870 1697 cum
1937 1679 1941 1683 ι

187 1733 391 1801 gemitu
438 1736 491 1785 et
536 1733 771 1786 lacrimis
824 1734 1242 1786 lamentabiliter
1287 1751 1439 1786 suam
1493 1751 1738 1785 narrasse
1782 1750 1869 1786 ne·
2004 1721 2012 1731 Κ

188 1821 504 1874 cessitatem.
569 1822 712 1889 <93>
746 1822 838 1892 ait,
875 1822 1068 1892 inquit,
1098 1840 1211 1875 esse
1244 1839 1299 1874 se
1332 1820 1617 1890 Graecum3
1658 1824 1711 1873 et
1742 1821 1869 1874 dum

186 1914 492 1979 peragraret
530 1911 860 1979 provinciam
896 1911 1117 1980 parandi
1148 1910 1322 1963 victus
1354 1928 1526 1981 causa,
1563 1913 1867 1979 correptum
1893 1933 1936 1966 20
2017 1958 2020 1962 ,

189 2016 245 2050 se
277 1999 457 2052 subito
490 1999 556 2052 ab
589 1999 902 2069 alienigenis
940 1999 1249 2052 hominibus
1289 2002 1450 2068 atque
1483 1999 1765 2052 deductum
1804 1999 1869 2051 ad

187 2087 471 2157 templum,
517 2091 570 2140 et
615 2088 882 2141 inclusum
930 2088 1060 2158 illic,
1107 2092 1160 2141 et
1207 2108 1237 2140 a
1282 2088 1432 2141 nullo
1473 2088 1732 2159 conspici,
1778 2087 1869 2140 sed

188 2178 377 2229 cuncta
416 2177 631 2245 dapium
670 2178 1015 2246 apparatione
1051 2178 1298 2247 saginari.
1368 2177 1511 2245 <94>
1544 2180 1598 2229 613
1635 2175 1868 2246 primum

118 2268 123 2274 '
188 2265 401 2333 quidem
445 2265 576 2317 haec
608 2266 726 2318 sibi
771 2266 1122 2335 inopinabilia
1160 2266 1415 2319 beneficia
1460 2265 1575 2318 visa
1621 2265 1868 2318 attulisse

186 2353 469 2424 laetitiam,
509 2354 694 2407 deinde
734 2356 1112 2426 suspicionem,
1149 2359 1335 2424 postea
1375 2358 1673 2424 stuporem3
1720 2357 1866 2422 post·
1891 2373 1932 2407 25

185 2460 391 2495 remum
444 2443 808 2496 consulentem
862 2463 891 2496 a
944 2444 1208 2496 ministris
1267 2444 1332 2496 ad
1387 2462 1444 2499 se
1498 2442 1867 2496 accedentibus

161 2531 396 2583 'audisse
434 2532 607 2601 legem
643 2533 967 2587 ineffabilem
1003 2533 1353 2602 Judaeorum,
1391 2550 1488 2601 pro
1529 2550 1634 2601 qua
1671 2531 1870 2584 nutrie-

187 2620 368 2689 batur,
408 2623 460 2673 et
498 2620 601 2672 hoc
638 2620 760 2672 illos
797 2620 970 2673 facere
1010 2621 1237 2690 singulis
1278 2621 1430 2673 annis
1471 2619 1702 2688 quodam
1740 2622 1869 2670 tem·

188 2727 317 2777 pore
356 2710 663 2762 constituto.
727 2709 868 2776 <95>
907 2713 961 2762 et
994 2710 1434 2778 comprehendere
1466 2707 1679 2777 quidem
1711 2706 1868 2759 Grae-

189 2815 309 2850 cum
348 2797 710 2868 peregrinum,
749 2816 974 2866 eumque
1014 2816 1189 2851 annuo
1230 2801 1467 2866 tempore
1507 2797 1774 2866 saginare,
1813 2799 1867 2848 et
1892 2816 1935 2848 30

190 2886 470 2939 deductum
524 2887 590 2938 ad
637 2886 901 2954 quandam
956 2886 1146 2939 silvam
1199 2885 1432 2938 occidere
1487 2885 1700 2953 quidem
1747 2902 1868 2936 eum
