2032 3128
230 80 335 132 138
655 84 780 126 ΤοΤ
810 84 1150 126 IOTAAIKOT
1180 85 1488 127 ΠΟΛΕΜΟΥ

224 214 326 267 οὐκ
365 214 567 277 αὐτοὺς
596 217 657 269 τὸ
689 224 798 286 πῦρ
835 215 1118 285 ἐνιέμενον
1150 218 1257 271 ὑπὸ
1289 226 1399 271 τῶν
1433 216 1721 272 Ἰουδαίων
1754 217 1910 288 ε”ορα-
2004 215 2008 218 ’

222 305 398 364 κότας.
474 303 618 372 <57>
655 302 748 356 καὶ
792 305 1043 374 καθάπερ
1084 305 1341 374 ἐμμανεῖς
1379 306 1736 375 γεγενημένοι
1775 308 1909 375 μετὰ
1998 302 2032 386 j]

220 394 430 444 πολλοῦ
469 410 620 453 τινος
658 397 882 462 οἴστρου
922 393 1121 455 πάντες
1153 391 1241 446 ἐπὶ
1278 396 1409 457 τοὺς
1441 393 1911 462 διαβεβλημένους
2031 391 2032 469 Ῑ

221 479 489 544 ὥρμηντο.
565 478 724 544 <58>
771 482 928 546 μόλις
976 478 1025 533 δ’
1071 481 1254 534 αὐτῶν
1302 481 1551 548 ἐδυνήθη
1598 481 1692 542 τὰς
1739 481 1911 551 ὁρμὰς

220 564 464 633 ἐπισχεῖν
505 566 708 627 Γναῖος
748 567 1038 634 Κολλήγας
1075 586 1157 629 τις
1194 570 1548 636 πρεσβευτής,
1591 567 1759 632 ἀξιῶν
1798 568 1910 622 ἐπι·-
1956 590 1977 623 5
2013 564 2032 596 '¹

219 651 415 717 τρέψαι
453 655 693 719 Καίσαρι
734 654 1060 721 δηλωθῆναι
1091 653 1217 721 περὶ
1247 664 1359 708 τῶν
1391 658 1724 723 γεγονότων·
1765 657 1911 726 <59>

219 743 316 793 τὸν
356 741 460 809 γὰρ
500 740 909 809 ἡγεμονεύοντα
947 749 1041 810 τῆς
1072 746 1285 811 Συρίας
1316 742 1655 797 Καισέννιον
1693 748 1911 798 Παῖτον

219 830 325 898 ήδη
365 827 467 898 μὲν
500 826 881 892 ’ὅεσπασιανὸς
917 829 1315 897 ἐξαπεστάλκει,
1356 830 1648 900 συνέβαινε
1682 830 1744 884 δὲ
1774 851 1911 898 παρ-

220 928 364 970 εῖναι
403 915 644 986 μηδέπω.
722 918 867 986 <60>
913 919 1246 986 ποιούμενος
1284 914 1334 971 δ’
1375 918 1599 988 ἐπιμελῆ
1640 920 1741 987 τὴν
1781 919 1912 972 ἀνα-

223 1009 444 1074 ζήτησιν
495 1005 524 1059 ὁ
576 1008 869 1074 Κολλήγας
919 1005 1103 1074 ἐξεῦρε
1160 1007 1263 1074 τὴν
1320 1005 1616 1075 ἀλήθειαν,
1670 1008 1743 1070 ὡς
1799 1017 1911 1061 τῶν
1935 1032 1978 1063 10

219 1093 320 1169 μὲν
359 1095 461 1163 τὴν
501 1096 682 1147 αἰτίαν
714 1090 806 1147 ὑπ’
846 1092 1130 1163 Ἀντιόχου
1170 1096 1457 1163 λαβόντων
1491 1092 1781 1149 Ἰουδαίων
1818 1096 1912 1149 οὐ-

219 1181 334 1245 δεὶς
365 1178 486 1235 οὐδ’
517 1182 903 1251 ἐκοινώνησεν,
943 1182 1087 1251 <61>
1120 1184 1267 1236 ἅπαν
1299 1180 1360 1235 δὲ
1392 1179 1632 1253 τοῦργον
1673 1184 1911 1253 ἔπραξαν

219 1272 517 1340 ἄνθρωποί
557 1290 702 1333 τινες
757 1271 1031 1341 ἀλιτήριοι
1079 1272 1171 1323 διὰ
1216 1280 1394 1341 χρεῶν
1442 1270 1709 1340 ἀνάγκας,
1755 1275 1913 1341 νομί-

221 1362 430 1429 ζοντες,
480 1361 531 1412 εἰ
578 1359 679 1427 τὴν
730 1359 942 1428 ἀγορὰν
981 1358 1073 1412 καὶ
1112 1360 1178 1412 τὰ
1227 1361 1465 1428 δημόσια
1503 1362 1911 1429 καταπρήσειαν

218 1448 525 1518 γράμματα,
567 1456 662 1517 τῆς
700 1448 1043 1518 ἀπαιτήσεως
1082 1447 1406 1517 ἀπαλλαγὴν
1447 1447 1605 1512 ἕξειν.
1936 1474 1978 1507 15

149 1536 186 1588 4
328 1538 472 1606 <62>
505 1534 768 1591 Ἰουδαῖοι
807 1534 909 1605 μὲν
949 1533 1052 1591 οὖν
1093 1535 1180 1591 ἐπὶ
1227 1539 1520 1607 μετεώροις
1557 1547 1676 1600 ταῖς
1714 1539 1914 1601 αἰτίαις

216 1627 277 1678 τὸ
311 1623 515 1694 μέλλον
546 1627 626 1678 ἔτι
658 1627 1099 1695 καραδοκοῦντες
1123 1626 1183 1679 ἐν
1207 1629 1407 1695 φόβοις
1431 1630 1688 1695 χαλεποῖς
1714 1625 1913 1679 ἀπεσά-

217 1718 405 1767 λευον·
475 1715 619 1782 <63>
675 1718 834 1778 Τίτος
879 1712 941 1767 δὲ
987 1717 1205 1784 Καῖσαρ
1253 1723 1350 1784 τῆς
1398 1714 1525 1785 περὶ
1571 1723 1673 1768 τοῦ
1710 1716 1914 1783 πατρὸς

217 1801 473 1870 ἀγγελίας
510 1803 658 1875 αὐτῷ
706 1806 1089 1872 κομισθείσης,
1137 1803 1222 1856 ὅτι
1267 1804 1470 1867 πάσαις
1509 1800 1610 1872 μὲν
1647 1805 1913 1866 ποθεινὸς

215 1900 335 1953 ταῖς
372 1892 509 1944 κατὰ
547 1893 650 1960 τὴν
683 1889 922 1945 Ἰταλίαν
961 1895 1190 1946 πόλεσιν
1233 1892 1466 1961 ἐπῆλθε,
1514 1892 1749 1961 μάλιστα
1789 1890 1842 1944 δ’
1878 1891 1981 1960 ἡρο

208 1978 384 2048 Ῥώμη
424 1981 557 2049 μετὰ
595 1985 804 2049 πολλῆς
843 1981 1015 2034 αὐτὸν
1056 1980 1277 2045 ἐδέξατο
1309 1985 1627 2050 προθυμίας
1656 1978 1746 2034 καὶ
1780 1985 1914 2050 λαμ-

215 2071 509 2137 πρότητος,
557 2071 635 2131 εἰς
681 2070 895 2138 πολλὴν
943 2070 1119 2140 χαρὰν
1166 2067 1258 2122 καὶ
1303 2071 1593 2139 θυμηδίαν
1634 2068 1915 2138 ἐτράπετο,

215 2166 328 2210 τῶν
374 2155 500 2225 περὶ
548 2158 721 2210 αὐτοῦ
767 2160 1090 2228 φροντίδων
1138 2158 1211 2222 ὡς
1257 2159 1488 2227 ’ἥδιστον
1526 2155 1598 2228 ’ἦν
1638 2158 1914 2226 ἀπηλλαγ-

215 2244 396 2314 μένος.
474 2246 619 2315 <64>
659 2244 1050 2301 ’δεσπασιανὸν
1105 2248 1210 2317 γὰρ
1267 2249 1346 2300 ἔτι
1401 2244 1502 2316 μὲν
1556 2245 1647 2300 καὶ
1698 2247 1914 2316 μακρὰν

215 2333 427 2387 ἀπόντα
476 2336 676 2398 πάντες
728 2336 786 2389 οὗ
831 2337 967 2389 κατὰ
1018 2337 1119 2406 τὴν
1164 2334 1402 2390 Ἰταλίαν
1452 2337 1746 2406 ἅνθρωποι
1794 2344 1914 2398 ταῖς
1937 2360 1980 2393 25

216 2424 462 2492 γνώμαις
500 2434 788 2490 περιεῖπον
828 2425 902 2487 ὡς
939 2426 1164 2494 ἥκοντα,
1203 2426 1305 2494 τὴν
1344 2427 1685 2495 προσδοκίαν
1719 2424 1778 2477 ἐκ
1811 2431 1912 2477 τοῦ

214 2511 362 2564 πάνυ
394 2510 587 2565 θέλειν
618 2512 810 2582 ἄφιξιν
843 2512 1017 2566 αὐτοῦ
1048 2517 1383 2583 νομίζοντες,
1414 2512 1507 2566 καὶ
1537 2514 1715 2582 πάσης
1746 2513 1914 2580 ἀνάγ-

214 2619 313 2667 κης
354 2598 657 2669 ἐλευθέραν
695 2602 797 2669 τὴν
836 2603 974 2671 πρὸς
1013 2602 1183 2656 αὐτὸν
1224 2604 1441 2672 ἔχοντες
1481 2603 1721 2655 εὔνοιαν.
1770 2600 1916 2671 <65>

214 2695 279 2757 τῇ
326 2708 384 2741 τε
431 2690 537 2759 γὰρ
583 2692 759 2759 βουλῇ
810 2691 946 2743 κατὰ
992 2693 1215 2760 μνήμην
1263 2700 1375 2744 τῶν
1426 2689 1810 2759 γεγενημένων
1850 2689 1913 2743 ἐν

213 2786 332 2839 ταῖς
370 2786 483 2830 τῶν
520 2777 810 2848 ἡγεμόνων
848 2782 1175 2847 μεταβολαῖς
1214 2788 1522 2849 συμφορῶν
1554 2779 1810 2832 εὐκταῖον
1839 2774 1911 2847 ἦν
1936 2803 1979 2835 30

214 2864 518 2935 ἀπολαβεῖν
548 2867 794 2936 ἡγεμόνα
825 2868 1006 2935 γήρως
1039 2869 1330 2938 σεμνότητι
1361 2867 1453 2921 καὶ
1485 2867 1738 2938 πράξεων
1767 2867 1909 2938 ἀκμῇ
2031 2851 2032 2863 ¹
