2032 3128
692 152 903 195 ΑοΓοΣ
936 153 1261 195 ΠΡΟΤΕΡοΣ
1717 149 1827 202 203

138 286 311 356 ἀρχὴν
343 285 515 339 αὐτοῦ
552 287 675 348 υίὸς
708 285 938 355 Χέβρωγ
971 288 1062 354 ἔτη
1103 287 1471 354 τρισκαίδεκα,
1511 284 1656 354 <95>
1693 283 1819 353 μεθ’

137 374 202 427 ὃν
238 369 539 443 Ἀμένωφις
586 364 758 428 εἴκοσι
806 373 896 427 καὶ
944 382 1118 443 μῆνας
1166 373 1324 444 ἑπτά,
1370 382 1468 428 τοῦ
1516 371 1576 427 δὲ
1615 374 1826 442 ἀδελφὴ

130 460 380 531 Ἀμεσσὶς
426 468 600 516 εἴκοσι
648 463 709 515 ἓν
747 461 838 516 καὶ
885 470 1060 531 μῆνας
1106 462 1292 531 ἐννέα,
1338 471 1434 532 τῆς
1483 461 1545 515 δὲ
1583 465 1830 531 Μήφρης

137 552 350 604 δώδεκα
382 549 473 603 καὶ
506 558 680 619 μῆνας
705 549 882 619 ἐννέα,
914 558 1014 604 τοῦ
1041 548 1101 604 δὲ
1127 553 1631 621 Μηφραμούθωσις
1656 556 1828 603 εἴκοσι

91 661 112 692 5
135 637 295 691 πέντε
334 637 426 690 καὶ
465 646 640 707 μῆνας
679 638 829 707 δέκα,
870 640 1014 707 (96)
1054 648 1152 693 τοῦ
1193 636 1254 691 δὲ
1287 643 1507 708 Θμῶσις
1545 637 1706 692 ἐννέα
1738 639 1830 690 καὶ

135 733 311 795 μῆνας
357 726 525 795 ὀκτώ,
572 735 672 780 τοῦ
722 725 771 778 δ’
808 726 1118 796 Ἀμένωφις
1163 727 1456 797 τριάκοντα
1510 725 1601 778 καὶ
1654 734 1830 794 μῆνας

137 814 286 883 δέκα,
326 823 426 868 τοῦ
460 812 520 868 δὲ
549 809 716 885 Ὧρος
746 815 1039 883 τριάκοντα
1075 814 1129 878 ἓξ
1170 813 1262 868 καὶ
1300 824 1474 884 μῆνας
1512 814 1690 882 πέντε,
1729 822 1829 867 τοῦ

137 901 198 956 δὲ
242 904 496 972 θυγάτηρ
538 902 834 973 Ἀκεγχρὴς
872 904 1087 957 δώδεκα
1134 901 1224 955 καὶ
1272 910 1419 972 μῆνα
1466 902 1587 971 ἕνα,
1633 910 1729 970 τῆς
1768 900 1830 955 δὲ

129 990 390 1054 Ῥάθωτις
430 992 671 1060 ἀδελφὸς
711 990 898 1060 ἐννέα,
943 992 1086 1060 <97>
1125 999 1224 1044 τοῦ
1266 989 1327 1044 δὲ
1360 989 1687 1062 Ἀκεγχήρης
1726 992 1832 1044 δώ-

69 1103 113 1135 10
138 1082 270 1133 δεκα
308 1078 400 1133 καὶ
439 1088 616 1150 μῆνας
660 1079 849 1148 πέντε,
895 1089 995 1133 τοῦ
1043 1078 1095 1132 δ’
1131 1078 1460 1150 Ἀκεγχήρης
1506 1079 1688 1149 ἕτερος
1727 1079 1832 1132 δώ-

138 1170 270 1222 δεκα
323 1167 415 1221 καὶ
469 1175 646 1238 μῆνας
700 1177 869 1239 τρεῖς,
923 1176 1023 1222 τοῦ
1072 1165 1133 1221 δὲ
1170 1166 1403 1238 ’Ἀρμαϊς
1451 1167 1688 1238 τέσσαρα
1741 1166 1832 1220 καὶ

134 1265 281 1326 μῆνα
328 1256 451 1324 ἕνα,
499 1265 598 1311 τοῦ
647 1254 709 1310 δὲ
747 1255 1044 1326 Ῥαμέσσης
1090 1258 1151 1310 ἓν
1193 1256 1286 1310 καὶ
1333 1266 1509 1326 μῆνας
1546 1256 1831 1325 τέσσαρας,

133 1354 234 1399 τοῦ
267 1343 329 1399 δὲ
356 1345 658 1416 Ἀρμέσσης
687 1349 962 1415 Μιαμμοῦ
996 1345 1256 1414 ἑξήκοντα
1289 1346 1342 1409 ἓξ
1376 1345 1468 1399 καὶ
1500 1353 1676 1415 μῆνας
1708 1347 1832 1414 δύο,

134 1444 233 1488 τοῦ
275 1432 336 1488 δὲ
369 1433 676 1504 Ἀμένωφις
715 1432 845 1487 δέκα
884 1433 975 1487 καὶ
1015 1434 1175 1488 ἐννέα
1213 1434 1304 1488 καὶ
1346 1442 1522 1504 μῆνας
1562 1435 1644 1503 ἕξ,
1684 1435 1831 1503 (98)

68 1545 111 1579 15
133 1532 233 1577 τοῦ
274 1520 335 1576 δὲ
371 1522 574 1587 Σέθως
613 1523 642 1576 ὁ
682 1521 774 1575 καὶ
804 1521 1125 1592 Ῥαμέσσης,
1166 1525 1395 1593 ἱππικὴν
1433 1523 1525 1576 καὶ
1564 1525 1833 1592 ναυτικὴν

134 1615 276 1682 ἔχων
317 1613 572 1681 δύναμιν.
651 1607 814 1674 οὗτος
859 1614 957 1666 τὸν
1003 1609 1105 1681 μὲν
1154 1611 1404 1681 ἀδελφὸν
1442 1610 1678 1681 ’Ἀρμαῖν
1719 1612 1834 1665 ἐπί-

132 1719 341 1772 τροπον
379 1708 477 1769 τῆς
507 1702 799 1768 Αἰγύπτου
839 1700 1152 1770 κατέστησε,
1191 1700 1283 1754 καὶ
1321 1709 1504 1754 πᾶσαν
1544 1698 1646 1769 μὲν
1682 1699 1830 1771 αὐτῷ

133 1791 236 1859 τὴν
276 1791 451 1858 ἄλλην
499 1791 794 1858 βασιλικὴν
841 1789 1174 1860 περιέθηκεν
1221 1789 1495 1859 ἐξουσίαν,
1547 1792 1722 1858 μόνον
1770 1786 1832 1842 δὲ

135 1878 442 1932 ἐνετείλατο
485 1879 726 1947 διάδημα
766 1881 838 1948 μὴ
879 1888 1095 1949 φορεῖν,
1124 1876 1275 1948 ,μηδὲ
1306 1880 1408 1948 τὴν
1439 1880 1701 1948 βασιλίδα
1733 1899 1833 1947 μη-

68 1992 111 2022 20
134 1968 265 2036 τέρα
311 1987 368 2021 τε
416 1977 528 2020 τῶν
574 1966 783 2021 τέκνων
831 1966 1064 2036 ἀδικεῖν,
1120 1955 1424 2038 ἀπέχεσθαι
1472 1965 1534 2020 δὲ
1583 1965 1676 2020 καὶ
1721 1977 1834 2020 τῶν

135 2058 321 2110 ἄλλων
375 2059 679 2126 βασιλικῶν
736 2058 1106 2109 παλλακίδων.
1199 2056 1341 2124 <99>
1399 2057 1566 2118 αὐτὸς
1624 2054 1686 2109 δὲ
1745 2054 1835 2109 ἐπὶ

135 2146 370 2214 Κύπρον
416 2142 507 2198 καὶ
559 2147 833 2213 Φοινίκην
888 2143 980 2198 καὶ
1034 2145 1203 2198 πάλιν
1250 2143 1578 2214 Ἀσσυρίους
1629 2164 1688 2198 τε
1742 2143 1834 2198 καὶ

134 2235 373 2302 Μήδους
420 2235 779 2303 στρατεύσας,
825 2235 1092 2302 ἅπαντας,
1139 2236 1270 2296 τοὺς
1316 2231 1418 2303 μὲν
1467 2235 1659 2303 δόρατι
1705 2236 1836 2297 τοὺς

137 2319 198 2375 δὲ
247 2321 512 2392 ἀμαχητί,
558 2325 716 2396 φόβῳ
765 2319 826 2375 δὲ
869 2330 965 2390 τῆς
1010 2326 1216 2391 πολλῆς
1255 2323 1567 2392 δυνάμεως,
1615 2323 1834 2393 ὑποχει-

71 2434 113 2467 25
139 2414 295 2478 ρίους
335 2413 510 2480 ἔλαβε.
586 2409 678 2464 καὶ
725 2409 864 2479 μέγα
906 2413 1190 2481 φρονήσας
1229 2410 1317 2464 ἐπὶ
1356 2421 1474 2475 ταῖς
1513 2412 1836 2479 εὐπραγίαις

138 2502 217 2553 ἔτι
248 2498 340 2553 καὶ
372 2501 832 2570 θαρσαλεώτερον
859 2499 1238 2570 ἐπεπορεύετο,
1269 2502 1365 2564 τὰς
1395 2503 1532 2570 πρὸς
1563 2500 1836 2563 ἀνατολὰς

136 2592 325 2652 πόλεις
359 2608 419 2642 τε
457 2587 549 2642 καὶ
588 2590 768 2659 χώρας
806 2592 1330 2659 καταστρεφόμενος.
1407 2589 1590 2658 <100>
1627 2592 1835 2659 χρόνου

136 2697 194 2730 τε
224 2678 419 2730 ἱκανοῦ
447 2680 741 2746 γεγονότος
764 2675 997 2746 ’Ἀρμαῖς
1021 2677 1050 2731 ὁ
1075 2676 1468 2747 καταλειφθεὶς
1492 2677 1552 2731 ἐν
1569 2679 1835 2751 Αἰγύπτῳ

0 2828 4 2831 ,
136 2766 316 2819 πάντα
345 2766 657 2835 τοῦμπαλιν
690 2758 774 2829 οἷς
806 2764 1046 2836 ἀδελφὸς
1075 2765 1311 2837 παρῄνει
1343 2768 1416 2836 μὴ
1449 2775 1631 2820 ποιεῖν
1664 2766 1838 2829 ἀδεῶς

3 2871 17 2915 1,,
71 2877 115 2909 3ο
139 2857 429 2925 ἔπραττεν·
469 2852 562 2907 καὶ
601 2855 705 2924 γὰρ
739 2855 841 2923 τὴν
873 2856 1137 2922 βασιλίδα
1175 2858 1370 2924 βιαίως
1410 2857 1551 2925 ἔσχε,
1590 2853 1683 2907 καὶ
1721 2864 1839 2917 ταῖς

139 2945 331 3006 ἄλλαις
369 2945 703 2996 παλλακίσιν
742 2942 985 3012 ἀφειδῶς
1024 2943 1253 2996 διετέλει
1292 2943 1598 3014 χρώμενος,
1645 2945 1840 2996 πειθό-
