2032 3128
727 142 829 182 Em
864 140 1301 183 MAKKABAIOTE:
1747 137 1854 190 299

174 272 314 341 ἀνὴρ
367 272 662 335 πάνδεινος
714 271 804 325 καὶ
854 273 1234 343 ὑπερήφανος,
1290 274 1349 337 ὃς
1400 275 1709 336 καταλύσας
1756 275 1855 327 τὸν

169 359 352 413 Ὀνίαν
396 367 493 428 τῆς
538 360 946 430 ἀρχιερωσύνης
987 360 1200 416 Ἰάσονα
1245 364 1343 415 τὸν
1390 362 1635 432 ἀδελφὸν
1682 362 1854 415 αὐτοῦ

172 447 499 516 κατέστησεν
545 447 824 518 ἀρχιερέα,
875 449 1222 519 συνθέμενον
1270 452 1496 519 δώσειν,
1551 453 1603 504 εἰ
1647 449 1854 518 ἐπιτρέ-

173 546 328 599 ψειεν
353 537 499 606 αὐτῷ
531 539 631 605 τὴν
657 537 850 606 ἀρχήν,
883 537 999 591 κατ’
1027 538 1284 592 ἐνιαυτὸν
1314 539 1554 592 τάλαντα
1583 542 1854 608 τρισχίλια

127 648 148 681 5
174 623 425 689 ἑξακόσια
480 623 756 693 ἑξήκοντα.
841 626 984 694 <48>
1030 626 1059 679 ὃ
1107 624 1168 679 δὲ
1223 626 1517 697 ἐπέτρεψεν
1562 627 1709 698 αὐτῷ
1764 625 1855 680 καὶ

172 713 535 783 ἀρχιερᾶσθαι
575 711 664 766 καὶ
706 721 805 767 τοῦ
845 716 1049 777 ἔθνους
1086 714 1439 783 ἀφηγεῖσθαι.
1508 714 1570 778 ὃς
1614 713 1704 767 καὶ
1746 714 1854 778 ἐξε-

172 800 397 873 διῄτησε
434 803 495 854 τὸ
536 804 703 864 ἔθνος
748 800 839 854 καὶ
883 802 1290 867 ἐξεπολίτευσεν
1330 801 1418 856 ἐπὶ
1463 811 1644 856 πᾶσαν
1681 821 1854 871 παρα-

170 892 390 958 νομίαν,
436 890 572 942 ὥστε
620 891 692 958 μὴ
741 892 914 958 μόνον
953 889 1040 944 ἐπ’
1070 892 1205 960 αὐτῇ
1245 899 1308 960 τῇ
1348 893 1489 961 ἄκρα
1527 898 1622 959 τῆς
1664 893 1854 959 πατρί-

171 979 267 1041 δος
295 977 452 1046 ἡμῶν
475 979 785 1046 γυμνάσιον
813 979 1230 1046 κατασκευάσαι,
1263 978 1400 1033 ἀλλὰ
1432 977 1523 1031 καὶ
1554 982 1854 1032 καταλῦσαι

105 1090 147 1122 10
170 1067 271 1134 τὴν
301 1073 401 1119 τοῦ
435 1066 587 1135 ἱεροῦ
622 1069 972 1136 κηδεμονίαν.
1034 1067 1180 1136 <49>
1213 1063 1300 1137 ἐφ’
1322 1060 1404 1130 οἷς
1434 1067 1853 1136 ἀγανακτήσασα

170 1154 202 1222 ἡ
242 1158 371 1207 θεία
419 1155 543 1223 δίκη
590 1155 761 1209 αὐτὸν
800 1156 986 1218 αὐτοῖς
1030 1157 1127 1209 τὸν
1162 1154 1442 1226 Ἀντίοχον
1482 1155 1853 1224 ἐπολέμωσεν·

170 1243 357 1311 ἐπειδὴ
420 1244 524 1311 γὰρ
578 1247 834 1312 πολεμῶν
887 1240 958 1311 ἧν
1010 1241 1128 1296 κατ’
1176 1249 1461 1311 Αἴγυπτον
1508 1246 1852 1315 Πτολεμαίῳ,

168 1329 374 1400 ’ἤκουσέ
415 1350 472 1384 τε
519 1331 602 1384 ὅτι
648 1334 832 1400 φήμης
879 1333 1234 1400 διαδοθείσης
1278 1330 1404 1400 περὶ
1442 1339 1541 1385 τοῦ
1587 1332 1853 1385 τεθνάναι

169 1420 340 1473 αὐτὸν
364 1420 438 1482 ὡς
461 1421 544 1472 ἔνι
570 1420 801 1488 μάλιστα
825 1422 1071 1489 χαίροιεν
1096 1421 1154 1473 οἱ
1171 1418 1620 1490 Ἱεροσολυμῖται,
1651 1419 1855 1488 ταχέως

101 1532 144 1564 15
171 1506 255 1561 ἐπ’
286 1508 487 1571 αὐτοὺς
526 1507 829 1576 ἀνέζευξεν,
868 1507 1010 1577 <50>
1050 1507 1140 1561 καὶ
1180 1509 1253 1571 ὡς
1290 1508 1603 1577 ἐπόρθησεν
1635 1509 1853 1575 αὐτούς,

167 1598 345 1665 δόγμα
384 1599 544 1650 ἔθετο
585 1596 749 1665 ὅπως,
788 1602 845 1649 εἴ
875 1616 1021 1659 τινες
1052 1597 1235 1650 αὐτῶν
1268 1606 1497 1666 φανεῖεν
1527 1605 1603 1669 τῷ
1640 1601 1852 1669 πατρίῳ

163 1688 582 1754 πολιτευόμενοι
620 1687 792 1757 νόμῳ,
835 1685 1204 1748 κολασθέντες
1242 1686 1489 1738 θάνοιεν.
1561 1685 1748 1753 ἐπειδὴ
1790 1683 1852 1737 δὲ

163 1774 298 1826 κατὰ
337 1772 547 1842 μηδένα
585 1776 794 1841 τρόπον
835 1778 985 1843 ἴσχυε
1025 1778 1326 1826 καταλῦσαι
1366 1774 1458 1826 διὰ
1497 1783 1607 1826 τῶν
1647 1773 1851 1841 δογμά-

163 1881 274 1914 των
312 1863 413 1930 τὴν
451 1862 717 1930 εὐνομίαν
755 1869 855 1914 τοῦ
896 1864 1123 1929 ἔθνους,
1172 1861 1310 1914 ἀλλὰ
1355 1862 1530 1924 πάσας
1567 1862 1664 1925 τὰς
1700 1861 1851 1914 ἀπει-

98 1975 141 2007 20
165 1951 263 2013 λὰς
301 1950 472 2004 αὐτοῦ
510 1948 602 2002 καὶ
640 1952 905 2018 τιμωρίας
937 1949 1079 2016 ἑώρα
1117 1950 1543 2020 καταλυομένας,
1583 1951 1719 2003 ὥστε
1758 1949 1850 2003 καὶ

161 2048 445 2106 γυναῖκας,
477 2039 560 2091 ὅτι
591 2039 947 2107 περιέτεμνον
978 2039 1044 2091 τά
1075 2040 1286 2104 παιδιά,
1319 2040 1452 2108 μετὰ
1482 2047 1595 2092 τῶν
1625 2042 1851 2108 βρεφῶν

161 2132 733 2197 κατακρημνισθῆναι,
794 2128 1114 2195 προειδυίας
1177 2127 1260 2180 ὅτι
1321 2135 1484 2181 τοῦτο
1544 2131 1847 2194 πείσονται,

159 2248 234 2254 —-
273 2214 387 2269 ἐπεὶ
429 2212 532 2268 οὖν
573 2217 637 2268 τὰ
676 2217 922 2284 δόγματα
961 2215 1134 2269 αὐτοῦ
1172 2225 1562 2286 κατεφρονεῖτο
1600 2216 1708 2269 ὑπὸ
1748 2223 1849 2269 τοῦ

160 2310 317 2372 λαοῦ,
364 2305 528 2367 αὐτὸς
568 2306 659 2357 διὰ
705 2305 968 2373 βασάνων
1007 2304 1104 2357 ἕνα
1150 2304 1381 2358 ἕκαστον
1418 2305 1686 2374 ἠνάγκαζε
1726 2324 1848 2372 μια-

94 2416 136 2448 25
160 2404 275 2462 ρῶν
318 2391 802 2461 ἀπογευσαμένους
848 2391 1162 2461 ἐδεσμάτων
1210 2393 1549 2462 ἐξόμνυσθαι
1595 2395 1692 2447 τὸν
1733 2395 1848 2446 ἰου-

159 2485 410 2551 δαῖσμόν.

267 2570 414 2639 <51>
468 2571 812 2637 προκαθίσας
866 2567 933 2637 γέ
981 2564 1066 2621 τοι
1123 2569 1256 2637 μετὰ
1310 2578 1420 2621 τῶν
1475 2566 1761 2637 συνέδρων
1815 2570 1844 2623 ὁ

156 2660 429 2728 τύραννος
466 2654 743 2727 ’Λντίοχος
784 2657 877 2710 ἐπί
917 2677 1068 2720 τινος
1104 2657 1324 2726 ὑψηλοῦ
1362 2660 1558 2726 τόπου,
1604 2656 1697 2710 καὶ
1735 2667 1847 2711 τῶν

121 2754 123 2756 ’
158 2746 578 2816 στρατευμάτων
610 2745 757 2818 αὐτῷ
797 2747 1219 2815 παρεστηκότων
1257 2748 1535 2799 κυκλόθεν
1575 2745 1846 2815 ἐνόπλων,

91 2860 134 2892 30
156 2834 520 2902 παρεκέλευσε
552 2844 666 2898 τοῖς
698 2836 1035 2904 δορυφόροις
1065 2833 1163 2887 ἕνα
1186 2833 1416 2888 ἕκαστον
1441 2843 1552 2887 τῶν
1575 2832 1846 2904 Ἑβραίων

159 2924 497 2978 ἐπισπᾶσθαι
532 2923 622 2977 καὶ
655 2933 832 2994 κρεῶν
864 2923 1032 2976 ὑείων
1063 2921 1152 2975 καὶ
1186 2923 1577 2976 εἰδωλοθύτων
1608 2922 1846 2992 ἀναγκά-
