2032 3128
705 119 915 160 ΛΟΓΟΣ
946 119 1234 160 ΕΒΔΟΜΟΣ
1690 114 1794 167 183

122 251 462 318 κατασκευὴν
499 253 635 321 πρὸς
673 254 769 305 τὸν
810 258 951 306 οἴκοι
991 251 1346 321 ἐξεμιμήσατο
1385 249 1475 304 καὶ
1514 260 1628 313 τοῖς
1666 250 1798 302 ἀνα-

120 341 368 407 θήμασιν
399 338 602 406 ὁμοίως
633 338 925 409 ἐκόσμησε,
958 339 1124 409 χωρὶς
1152 348 1246 409 τῆς
1276 337 1400 409 περὶ
1431 340 1533 407 τὴν
1565 340 1796 408 λυχνίαν

121 435 475 495 κατασκευῆς·
552 428 747 497 <429>
796 429 863 482 οὐ
909 429 1012 498 γὰρ
1061 426 1281 495 ἐποίησε
1321 430 1578 497 λυχνίαν,
1628 426 1796 480 αὐτὸν

121 512 182 567 δὲ
220 515 658 584 χαλκευσάμενος
703 518 911 586 λύχνον
954 523 1198 586 χρυσοῦν
1237 515 1598 584 ἐπιφαίνοντα
1638 512 1798 577 σέλας

73 624 95 655 5
118 610 322 671 χρυσῆς
361 602 604 666 ἁλύσεως
643 604 976 673 ἐξεκρέμασε.
1052 606 1113 657 τὸ
1154 601 1215 656 δὲ
1252 602 1474 671 τέμενος
1511 610 1621 654 πᾶν
1660 603 1796 671 ὀπτῇ

117 693 336 762 πλίνθῳ
388 695 837 761 περιτετείχιστο,
896 694 1072 755 πύλας
1125 695 1252 762 ἔχον
1306 693 1540 753 λιθίνας.
1616 690 1797 759 <430>

117 777 283 846 ἀνῆκε
324 775 384 831 δὲ
423 776 512 831 καὶ
551 779 736 848 χώραν
774 782 986 847 πολλὴν
1026 781 1055 833 ὁ
1095 782 1352 848 βασιλεὺς
1391 781 1468 841 εἰς
1506 779 1797 848 χρημάτων

115 867 424 935 πρόσοδον,
479 866 624 929 ὅπως
677 872 760 935 εἴη
815 865 907 919 καὶ
959 876 1074 929 τοῖς
1121 868 1361 937 ἱερεῦσιν
1412 866 1660 934 ἀφθονία
1706 866 1796 919 καὶ

115 962 189 1025 τῷ
229 959 344 1026 θεῷ
383 956 559 1007 πολλὰ
598 956 663 1007 τὰ
701 957 838 1025 πρὸς
874 957 975 1024 τὴν
1007 955 1304 1024 εὐσέβειαν.
1367 955 1549 1024 <431>
1587 955 1656 1008 οὐ
1687 956 1796 1023 μὴν

50 1066 93 1097 10
109 1039 290 1105 Ὀνίας
329 1042 384 1106 ἐξ
422 1042 616 1110 ὑγιοῦς
660 1045 882 1113 γνώμης
926 1040 1079 1098 ταῦτ’
1110 1046 1388 1113 ἔπραττεν,
1436 1038 1552 1096 ἀλλ’
1590 1039 1662 1111 ἦν
1701 1043 1795 1096 αὐ-

115 1137 189 1202 τῷ
243 1135 525 1200 φιλονικία
579 1135 715 1202 πρὸς
768 1135 897 1195 τοὺς
951 1133 1011 1185 ἐν
1061 1143 1175 1195 τοῖς
1216 1131 1618 1201 Ἱεροσολύμοις
1661 1131 1796 1185 Ἰου-

115 1220 332 1288 δαίους,
373 1219 547 1288 ὀργὴν
584 1228 680 1289 τῆς
719 1229 900 1290 φυγῆς
932 1220 1471 1290 ἀπομνημονεύοντι·
1509 1219 1599 1273 καὶ
1631 1228 1794 1274 τοῦτο

112 1309 174 1361 τὸ
223 1309 374 1376 ἱερὸν
422 1308 633 1378 ἐνόμιζε
681 1310 1088 1372 κατασκευάσας
1134 1312 1212 1372 εἰς
1258 1310 1391 1362 αὐτὸ
1437 1309 1794 1379 περισπάσειν

113 1394 203 1448 ἀπ’
242 1396 469 1450 ἐκείνων
499 1399 560 1451 τὸ
592 1402 820 1466 πλῆθος.
888 1397 1071 1467 <432>
1103 1398 1345 1466 ἐγεγόνει
1377 1397 1443 1450 δέ
1468 1417 1551 1461 τις
1573 1396 1665 1450 καὶ
1694 1415 1795 1451 πα-

46 1506 88 1539 15
112 1486 239 1538 λαιὰ
269 1488 573 1555 πρόρρησις
604 1489 752 1539 ἔτεσί
775 1504 884 1540 που
923 1490 1173 1557 πρόσθεν
1214 1485 1538 1550 ἑξακοσίοις·
1568 1484 1798 1549 Ἡσαΐας

111 1575 285 1642 ὄνομα
323 1582 397 1644 τῷ
437 1576 909 1645 προαγορεύσαντι
947 1577 1110 1629 τοῦδε
1147 1583 1247 1628 τοῦ
1285 1582 1426 1628 ναοῦ
1464 1575 1566 1643 τὴν
1604 1573 1665 1627 ἐν
1696 1577 1796 1627 Αἰ-

110 1663 298 1734 γύπτῳ
337 1663 711 1733 γενησομένην
752 1659 844 1717 ὑπ’
890 1663 1093 1734 ἀνδρὸς
1125 1662 1400 1717 Ἰουδαίου
1439 1666 1794 1732 κατασκευήν.

220 1750 402 1821 <433>
440 1754 502 1805 τὸ
542 1749 642 1820 μὲν
682 1749 785 1806 οὗν
826 1754 975 1820 ἱερὸν
1014 1752 1189 1815 οὕτως
1229 1751 1535 1820 ἐπεποίητο,
1573 1755 1796 1814 Λοῦπος

111 1834 162 1892 δ’
215 1840 244 1893 ὁ
299 1847 394 1908 τῆς
439 1839 852 1908 Ἀλεξανδρείας
904 1841 1149 1910 ἡγεμών,
1203 1841 1268 1894 τὰ
1322 1841 1468 1911 παρὰ
1515 1843 1795 1910 Καίσαρος

10 1940 87 1983 ”2ο
110 1929 297 1997 λαβὼν
343 1929 631 1998 γράμματα
677 1929 768 1983 καὶ
815 1933 1260 1998 παραγενόμενος
1298 1931 1376 1992 εἰς
1412 1931 1474 1982 τὸ
1516 1929 1666 1998 ἱερὸν
1703 1933 1801 1982 καί

108 2035 233 2070 τινα
262 2027 373 2070 τῶν
405 2017 781 2087 ἀναθημάτων
820 2018 1156 2088 ἐκφορήσας,
1196 2020 1293 2072 τὸν
1323 2020 1462 2072 ναὸν
1494 2017 1794 2071 ἀπέκλεισε.

109 2106 290 2174 <434>
339 2108 570 2160 Λούπου
618 2104 679 2160 δὲ
726 2108 858 2175 μετὰ
904 2110 1081 2177 βραχὺ
1119 2109 1543 2176 τελευτήσαντος
1582 2110 1793 2159 Παυλῖ-

109 2215 206 2257 νος
238 2195 626 2264 διαδεξάμενος
656 2197 757 2264 τὴν
788 2196 1087 2264 ἡγεμονίαν
1119 2196 1244 2248 οὔτε
1277 2205 1387 2248 τῶν
1419 2194 1794 2264 ἀναθημάτων

111 2280 278 2336 οὐδὲν
323 2283 575 2337 κατέλιπε
622 2282 824 2355 (πολλὰ
869 2286 973 2353 γὰρ
1016 2286 1331 2353 διηπείλησε
1370 2293 1485 2347 τοῖς
1533 2285 1792 2353 ἱερεῦσιν,

43 2393 85 2425 25
110 2373 162 2424 εἰ
197 2374 271 2441 μὴ
310 2373 488 2426 πάντα
526 2372 1112 2443 προκομίσειαν),οὔτε
1151 2370 1438 2443 προσιέναι
1476 2381 1552 2444 τςό
1583 2371 1794 2443 τεμένει

109 2463 238 2524 τοὺς
260 2463 594 2530 θρησκεύειν
624 2461 1000 2530 βουλομένους
1030 2461 1249 2530 ἐφῆκεν,
1288 2461 1470 2530 <435>
1503 2459 1623 2514 ἀλλ’
1661 2461 1794 2515 ἀπο-

110 2552 327 2612 κλείσας
365 2551 460 2613 τὰς
496 2551 672 2613 πύλας
711 2549 1011 2619 ἀπρόσιτον
1042 2550 1175 2603 αὐτὸ
1207 2555 1485 2613 παντελῶς
1519 2548 1794 2619 ἐποίησεν,

111 2639 184 2700 ὡς
229 2636 357 2707 μηδ’
406 2644 558 2709 ἴχνος
604 2641 682 2692 ἔτι
721 2646 815 2707 τῆς
853 2641 933 2702 εἰς
970 2640 1067 2692 τὸν
1104 2641 1244 2693 θεὸν
1281 2642 1580 2710 θεραπείας
1619 2638 1680 2692 ἐν
1718 2647 1792 2710 τῷ

110 2729 259 2800 τόπῳ
299 2731 631 2781 καταλιπεῖν.
686 2727 868 2796 <436>
906 2729 1104 2797 χρόνος
1134 2723 1204 2796 ἦν
1237 2730 1313 2791 εἰς
1343 2729 1444 2797 τὴν
1475 2726 1794 2781 ἀπόκλεισιν

42 2836 86 2868 30
110 2822 210 2869 τοῦ
255 2824 397 2869 ναοῦ
444 2817 687 2885 γεγονὼς
732 2815 838 2870 ἀπὸ
885 2823 980 2885 τῆς
1024 2823 1358 2885 κατασκευῆς
1404 2818 1494 2885 ἔτη
1541 2820 1665 2887 τρία
1703 2815 1794 2869 καὶ

107 2905 504 2975 τετταράκοντα
542 2903 634 2959 καὶ
673 2907 972 2975 τριακόσια.

1824 1766 1853 1803 4
