2032 3128
174 128 283 180 202
789 131 948 172 ΚΑΤΑ
978 131 1176 174 ΑΠΙΩΝ
1179 133 1259 174 ΟΣ

171 263 398 332 μυριάσι
452 265 938 335 προσεδρεύσαντα
991 274 1107 327 τοῖς
1162 268 1424 335 τείχεσιν·
1484 263 1600 318 ἐπεὶ
1655 263 1716 318 δὲ
1769 275 1864 335 τῆς

170 355 490 422 πολιορκιάς
546 351 790 420 ἀπέγνω,
844 354 1188 420 ποιήσασθαι
1239 353 1563 422 συμβάσεις,
1619 355 1711 407 ἵνα
1760 356 1862 423 τὴν

171 445 456 508 Αἴγυπτον
499 440 811 503 ἐκλιπόντες
850 440 976 494 ὅποι
1023 443 1320 509 βούλονται
1367 441 1565 504 πάντες
1604 441 1863 511 ἀβλαβεῖς

170 528 471 582 ἀπέλθωσι.
549 529 695 598 <89>
734 531 863 592 τοὺς
904 527 965 582 δὲ
1009 528 1097 582 ἐπὶ
1144 539 1263 592 ταῖς
1309 529 1626 598 ὁμολογίαις
1670 549 1862 584 πανοι-

87 664 89 667 .
169 620 333 689 κησίᾳ
372 619 504 686 μετὰ
543 627 655 671 τῶν
692 620 957 686 κτήσεων,
1002 619 1106 671 οὐκ
1146 618 1403 680 ἐλάττους
1442 619 1730 688 μυριάδων
1770 621 1861 672 ὄν-

75 2224 131 2264 15

168 727 264 770 τας
309 711 483 760 εἴκοσι
529 707 828 777 τεσσάρων,
876 706 982 759 ἀπὸ
1029 715 1126 775 τῆς
1172 708 1460 774 Αἰγύπτου
1506 708 1608 775 τὴν
1656 709 1862 778 ἔρημον

170 797 247 859 εἰς
284 799 503 866 Συρίαν
544 796 990 864 διοδοιπορῆσαι,
1037 794 1183 863 <9Ο>
1222 794 1611 864 φοβουμένους
1654 794 1715 848 δὲ
1760 798 1863 864 τὴν

162 882 469 953 Ἀσσυρίων
517 886 847 937 δυναστείαν
896 881 1040 955 (τότε
1095 885 1200 953 γὰρ
1248 883 1493 947 ἐκείνους
1537 891 1631 952 τῆς
1679 882 1863 948 Ἀσίας

167 970 432 1044 κρατεῖν),
474 972 534 1026 ἐν
568 980 632 1042 τῇ
672 980 780 1025 νῦν
811 971 1058 1044 Ἰουδαία
1095 971 1410 1042 καλουμένῃ
1448 975 1613 1026 πόλιν
1646 974 1862 1027 οἰκοδο-
1942 1043 1944 1045 ¹

167 1061 515 1131 μησαμένους
568 1062 860 1123 τοσαύταις
913 1062 1177 1130 μυριάσιν
1228 1061 1546 1130 ἀνθρώπων
1597 1061 1860 1131 ἀρκέσου-

168 1165 291 1219 σαν,
328 1149 686 1220 Ἱεροσόλυμα
725 1152 929 1219 ταύτην
971 1150 1256 1219 ὀνομάσαι.
1332 1150 1478 1220 <91>
1520 1149 1579 1203 ἐν
1619 1152 1757 1221 ἄλλῃ
1799 1150 1864 1204 δέ

166 1259 277 1292 τινι
315 1242 488 1312 βίβλῳ
528 1249 640 1292 τῶν
671 1241 1066 1307 Αἰγυπτιακῶν
1096 1240 1388 1292 Μανεθὼν
1419 1242 1584 1293 τοῦτό
1624 1253 1761 1308 φησι
1796 1241 1858 1292 τὸ

168 1331 335 1391 ε”θνος
372 1331 501 1391 τοὺς
539 1325 915 1397 καλουμένους
950 1326 1215 1396 ποιμένας
1247 1329 1624 1398 αἰχμαλώτους
1655 1327 1716 1381 ἐν
1744 1338 1861 1391 ταῖς

168 1417 339 1485 ι”εραῖς
385 1416 568 1469 αὐτῶν
614 1419 830 1485 βίβλοις
875 1416 1221 1487 γεγράφθαι,
1267 1416 1444 1484 λέγων
1492 1417 1693 1487 ὀρθῶς.
1768 1414 1860 1469 καὶ

164 1507 269 1575 γὰρ
309 1515 422 1567 τοῖς
462 1505 721 1558 ἀνωτάτω
761 1508 1062 1575 προγόνοις
1107 1504 1263 1574 ἡμῶν
1302 1507 1364 1559 τὸ
1403 1509 1720 1574 ποιμαίνειν
1758 1507 1859 1559 πά-

164 1614 319 1661 τριον
358 1591 446 1662 ἣν,
490 1592 582 1647 καὶ
621 1595 927 1663 νομαδικὸν
967 1596 1183 1664 ἔχοντες
1220 1595 1318 1647 τὸν
1357 1597 1485 1663 βίον
1525 1595 1700 1657 οὕτως
1739 1594 1860 1647 ἐκα-

164 1688 365 1736 λοῦντο
398 1682 669 1752 ποιμένες.
725 1684 883 1751 ’<92>
922 1683 1263 1753 αἰχμάλωτοί
1296 1702 1352 1736 τε
1393 1683 1561 1736 πάλιν
1593 1683 1693 1736 οὐκ
1733 1683 1859 1737 ἀλό-

163 1792 274 1840 γως
327 1772 434 1826 ὑπὸ
488 1781 599 1825 τῶν
645 1774 972 1840 Αἰγυπτίων
1020 1771 1438 1841 ἀνεγράφησαν,
1488 1772 1779 1842 ἐπειδήπερ
1829 1772 1858 1824 ὁ

163 1864 437 1930 πρόγονος
476 1861 632 1930 ἡμῶν
663 1860 926 1930 Ἰώσηπος
958 1860 1156 1914 ἑαυτὸν
1188 1863 1292 1931 ἔφη
1332 1862 1471 1931 πρὸς
1502 1863 1599 1914 τὸν
1630 1858 1860 1928 βασιλέα

163 1959 274 2002 τῶν
312 1952 637 2017 Αἰγυπτίων
678 1950 1025 2020 αἰχμάλωτον
1065 1946 1235 2017 εἶναι,
1282 1948 1373 2002 καὶ
1412 1952 1543 2012 τοὺς
1582 1948 1859 2018 ἀδελφοὺς

163 2039 241 2100 εἰς
286 2039 387 2106 τὴν
426 2044 714 2106 Αἴγυπτον
753 2039 987 2109 ὕστερον
1028 2036 1404 2108 μετεπέμψατο
1444 2047 1544 2092 τοῦ
1590 2037 1859 2106 βασιλέως

164 2125 568 2194 ἐπιτρέψαντος.

276 2214 416 2268 ἀλλά
469 2213 594 2285 περὶ
649 2212 750 2284 μὲν
797 2216 1010 2269 τούτων
1060 2215 1120 2268 ἐν
1166 2217 1355 2278 ἄλλοις
1407 2218 1707 2285 ποιήσομαι
1757 2216 1859 2284 τὴν

165 2302 410 2367 ἐξέτασιν
449 2303 869 2373 ἀκριβεστέραν·
915 2303 1060 2373 <93>
1097 2302 1229 2357 νυνὶ
1269 2300 1331 2357 δὲ
1369 2311 1464 2372 τῆς
1502 2303 1859 2375 ἀρχαιότητος

161 2393 362 2461 ταύτης
396 2396 770 2462 παρατίθεμαι
799 2395 929 2456 τοὺς
960 2379 1303 2461 Αἰγυπτιόυς
1335 2392 1628 2463 μάρτυρας.
1690 2393 1858 2446 πάλιν

163 2477 267 2534 οὖν
299 2482 365 2534 τὰ
396 2489 496 2534 τοῦ
519 2484 875 2544 Μανεθῶνος
904 2492 1019 2545 πῶς
1052 2484 1162 2552 ἔχει
1192 2482 1330 2552 πρὸς
1361 2482 1462 2550 τὴν
1494 2491 1606 2535 τῶν
1638 2484 1858 2552 χρόνων

162 2570 315 2634 τάξιν
354 2571 677 2639 ὑπογράψω.
747 2570 893 2638 <94>
934 2569 1071 2640 φησὶ
1113 2568 1163 2623 δ’
1195 2571 1353 2624 οὕτω.
1419 2570 1571 2640 (μετὰ
1609 2573 1671 2624 τὸ
1714 2570 1858 2635 ἐξελ-

160 2665 292 2713 θεῖν
332 2658 385 2723 ἐξ
426 2660 716 2727 Αἰγύπτου
762 2661 861 2713 τὸν
904 2662 1041 2713 λαὸν
1088 2669 1199 2712 τῶν
1245 2657 1527 2727 ποιμένων
1576 2661 1654 2722 εἰς
1693 2658 1858 2729 Ἱερο-

162 2750 376 2816 σόλυμα
424 2748 453 2802 ὁ
501 2747 751 2817 ἐκβαλὼν
791 2748 993 2810 αὐτοὺς
1039 2747 1094 2811 ἐξ
1133 2748 1423 2815 Αἰγύπτου
1463 2750 1722 2816 βασιλεὺς
1761 2747 1857 2800 Τέ-

159 2842 378 2906 θμωσις
424 2835 743 2906 ἐβασίλευσε
789 2838 922 2906 μετὰ
968 2843 1139 2889 ταῦτα
1187 2838 1276 2905 ἔτη
1324 2841 1499 2890 εἴκοσι
1549 2835 1710 2890 πέντε
1763 2835 1856 2889 καὶ

161 2932 336 2994 μῆνας
388 2929 680 2996 τέσσαρας,
734 2923 826 2978 καὶ
881 2923 1221 2994 ἐτελεύτησε,
1282 2923 1373 2978 καὶ
1426 2923 1700 2996 παρέλαβε
1753 2926 1855 2995 τὴν

1886 1082 1929 1115 10

1884 1525 1929 1559 15

1883 1972 1926 2004 20

1883 2415 1926 2448 25

1879 2859 1924 2892 30
