2032 3128
113 77 118 82 ’
193 93 298 146 188
545 104 547 106 >
788 96 949 137 ΚΑΤΑ
977 95 1255 139 Ammon

191 231 392 296 ότητος.
471 228 578 296 <4>
623 229 891 298 χρήσομαι
939 225 1000 281 δὲ
1045 237 1155 282 τῶν
1201 225 1302 297 μὲν
1342 225 1432 281 ὑπ’
1478 227 1612 296 ἐμοῦ
1650 225 1871 296 λεγομέ-

189 337 305 370 νων
359 316 595 386 μάρτυσι
649 325 764 378 τοῖς
809 315 1276 379 ἀξιοπιστοτάτοις
1329 312 1472 369 εἶναι
1520 314 1645 384 περὶ
1696 316 1873 383 πάσης

190 404 579 473 ἀρχαιολογίας
615 404 722 457 ὑπὸ
761 413 874 456 τῶν
906 402 1184 472 Ἑλλήνων
1221 403 1582 474 κεκριμένοις·
1643 405 1773 466 τοὺς
1811 401 1874 456 δὲ

189 494 526 561 βλασφήμως
563 490 689 560 περὶ
728 491 883 560 ἡμῶν
917 491 1009 544 καὶ
1047 494 1267 556 ψευδῶς
1303 495 1643 562 γεγραφότας
1674 491 1875 554 αὐτοὺς

191 578 262 632 δι’
310 577 521 632 ἑαυτῶν
563 578 958 649 ἐλεγχομένους
994 578 1224 649 παρέξω.
1298 579 1405 648 <5>
1444 580 1774 649 πειράσομαι
1813 577 1875 632 δὲ
1919 600 1942 631 5

188 666 279 720 καὶ
316 668 412 730 τὰς
451 669 626 730 αἰτίας
666 667 974 721 ἀποδοῦναι
1011 665 1083 720 δι’
1123 667 1187 730 ἃς
1217 668 1284 721 οὐ
1315 666 1510 720 πολλοὶ
1541 675 1640 720 τοῦ
1673 670 1875 730 ἔθνους

188 756 343 824 ἡμῶν
385 755 444 808 ἐν
484 766 601 818 ταῖς
640 756 904 824 ἱστορίαις
927 754 1193 823 ’Έλληνες
1231 754 1726 823 ἐμνημονεύκασιν·
1780 757 1875 814 ,ἔτι

189 844 376 913 μέντοι
414 843 504 897 καὶ
543 843 778 906 τοὺςόὐ
817 845 1224 913 παραλιπόντας
1255 843 1357 911 τὴν
1387 841 1510 912 περὶ
1541 842 1698 911 ἡμῶν
1732 843 1874 897 ἱστο-

190 936 317 1001 ρίαν
356 934 566 1000 ποιήσω
606 934 884 1000 φανεροὺς
921 940 1035 994 τοῖς
1073 932 1146 1000 μὴ
1187 932 1596 999 γιγνώσκουσιν
1635 930 1668 999 ἢ
1707 945 1875 1003 προσ-

187 1021 541 1090 ποιουμένοις
580 1020 818 1088 ἀγνοεῖν.
1900 1039 1944 1071 10

216 1095 223 1100 .
302 1110 410 1178 <6>
456 1118 676 1178 πρῶτον
732 1104 836 1161 οὗν
890 1106 1177 1178 ἐπέρχεταί
1224 1128 1318 1176 μοι
1370 1107 1517 1161 πάνυ
1570 1109 1875 1177 θαυμάζειν

187 1201 317 1260 τοὺς
356 1196 646 1266 οἰομένους
698 1199 817 1250 δεῖν
865 1195 990 1266 περὶ
1029 1206 1140 1249 τῶν
1178 1196 1525 1249 παλαιτάτων
1565 1199 1743 1266 ἔργων
1781 1199 1876 1266 μό-

187 1307 306 1350 νοις
352 1284 644 1356 προσέχειν
683 1294 798 1346 τοῖς
827 1283 1058 1353 ”Έλλησι
1100 1283 1191 1337 καὶ
1229 1285 1376 1353 παρὰ
1414 1285 1627 1338 τούτων
1664 1287 1876 1339 πυνθά-

187 1380 388 1428 νεσθαι
426 1375 528 1442 τὴν
568 1372 857 1442 ἀλήθειαν,
897 1373 1030 1441 ἡμῖν
1071 1369 1132 1425 δὲ
1171 1370 1262 1425 καὶ
1293 1382 1409 1435 τοῖς
1439 1374 1628 1437 ἄλλοις
1658 1374 1877 1444 ἀνθρώ-

186 1481 310 1525 ποις
357 1462 622 1515 ἀπιστεῖν,
699 1469 810 1514 πᾶν
858 1462 963 1530 γὰρ
1011 1460 1117 1529 ἐγὼ
1158 1460 1486 1514 τούναντίον
1526 1461 1637 1530 ὁρῶ
1679 1467 1874 1532 συμβε-
1903 1483 1944 1515 15

188 1554 371 1620 βηκός,
403 1556 460 1603 εἰ
484 1570 544 1618 γε
579 1551 667 1602 δεῖ
699 1550 771 1618 μὴ
803 1559 922 1612 ταῖς
960 1552 1213 1618 ματαίαις
1252 1548 1438 1613 δόξαις
1477 1549 1877 1604 ἐπακολουθεῖν

188 1638 304 1693 ἀλλ’
354 1638 408 1703 ἐξ
457 1638 639 1691 αὐτῶν
679 1639 740 1692 τὸ
782 1639 999 1691 δίκαιον
1037 1647 1148 1691 τῶν
1186 1639 1521 1707 πραγμάτων
1560 1640 1878 1709 λαμβάνειν.

186 1729 293 1797 <7>
340 1730 405 1781 τὰ
454 1724 555 1797 μὲν
603 1728 707 1797 γὰρ
755 1728 903 1797 παρὰ
948 1736 1064 1800 τοῖς
1092 1725 1356 1796 ’“Έλλησιν
1399 1729 1611 1780 ἅπαντα
1649 1727 1748 1781 νέα
1786 1728 1877 1782 καὶ

187 1815 321 1887 χθὲς
358 1814 450 1870 καὶ
488 1815 698 1889 πρςόην,
741 1816 813 1878 ὡς
853 1815 923 1868 ἂν
962 1821 1107 1868 εἴποι
1145 1835 1252 1884 τις,
1298 1816 1551 1885 εὑρήσεις
1588 1819 1876 1885 γεγονότα·

187 1905 327 1974 λέγω
370 1903 430 1958 δὲ
469 1906 564 1967 τὰς
602 1908 804 1966 κτίσεις
842 1913 954 1957 τῶν
990 1907 1206 1957 πόλεων
1246 1903 1433 1957 καὶτὰ
1464 1903 1589 1974 περὶ
1628 1906 1723 1968 τὰς
1762 1905 1875 1958 ἐπι-
1901 1928 1945 1959 20

187 1997 341 2057 νοίας
387 2002 497 2047 τῶν
542 2003 751 2063 τεχνῶν
798 1991 889 2045 καὶ
935 1993 1000 2045 τὰ
1045 1991 1171 2062 περὶ
1217 1994 1312 2055 τὰς
1358 2002 1469 2046 τῶν
1515 1996 1704 2062 νόμων
1744 1993 1875 2047 ἀνα-

185 2083 421 2153 γραφάς·
483 2082 706 2135 πάντων
749 2077 810 2134 δὲ
847 2080 1089 2149 νεωτάτη
1130 2082 1331 2150 σχεδόν
1369 2080 1483 2134 ἐστι
1520 2080 1649 2152 παρ’
1688 2083 1876 2146 αὐτοῖς

185 2172 218 2240 ἡ
257 2170 383 2241 περὶ
422 2171 483 2223 τὸ
524 2170 869 2239 συγγράφειν
907 2170 1003 2232 τὰς
1043 2171 1286 2239 ἱστορίας
1326 2168 1618 2239 ἐπιμέλεια.
1670 2171 1776 2239 <8>
1808 2173 1874 2224 τὰ

186 2259 375 2330 μέντοι
412 2257 535 2329 παρ’
579 2260 906 2326 Αἰγυπτίοις
943 2278 1000 2311 τε
1032 2256 1122 2312 καὶ
1157 2259 1455 2321 Χαλδαίοις
1493 2258 1585 2312 καὶ
1619 2259 1874 2324 Φοίνιξιν

188 2348 282 2421 (ἐῶ
328 2350 434 2419 γὰρ
480 2356 587 2402 νῦν
632 2347 772 2416 ἡμᾶς
811 2347 1041 2410 ἐκείνοις
1081 2346 1532 2419 συγκαταλέγειν)
1579 2347 1737 2402 αὐτοὶ
1777 2350 1872 2418 δή-
1898 2370 1940 2402 25

184 2443 401 2493 πουθεν
440 2436 814 2506 ὁμολογοῦσιν
853 2436 1218 2506 ἀρχαιοτάτην
1257 2456 1313 2489 τε
1352 2435 1444 2490 καὶ
1487 2437 1874 2508 μονιμωτάτην

184 2529 331 2597 ἔχειν
369 2533 464 2595 τῆς
501 2528 718 2594 μνήμης
756 2526 857 2594 τὴν
895 2526 1229 2594 παράδοσιν·
1267 2526 1376 2595 <9>
1413 2523 1503 2578 καὶ
1535 2527 1639 2596 γὰρ
1671 2528 1874 2589 τόπους

185 2617 420 2678 ἅπαντες
459 2616 710 2668 οἰκοῦσιν
747 2614 943 2682 ἥκιστα
981 2624 1098 2677 ταῖς
1131 2613 1190 2667 ἐκ
1221 2621 1320 2668 τοῦ
1349 2612 1696 2684 περιέχοντος
1728 2621 1873 2684 φθο«

185 2714 306 2774 ραῖς
350 2701 774 2772 ὑποκειμένους,
827 2701 918 2755 καὶ
967 2693 1182 2771 πολλὴν
1228 2702 1555 2771 ἐποιήσαντο
1602 2705 1872 2773 πρόνοιαν

183 2799 283 2845 τοῦ
337 2789 511 2861 μηδὲν
565 2793 847 2861 ἄμνηστον
896 2800 1007 2844 τῶν
1059 2789 1189 2860 παρ’
1241 2791 1428 2854 αὐτοῖς
1480 2790 1939 2863 πραττομένωνεο

182 2885 537 2951 παραλιπεῖν,
587 2877 707 2934 ἀλλ’
761 2879 821 2934 ἐν
873 2881 1161 2949 δημοσίαις
1209 2880 1555 2951 ἀναγραφαῖς
1605 2879 1713 2934 ὑπὸ
1751 2889 1871 2933 τῶν
