2032 3128
234 103 260 152 1
271 102 338 154 76
652 105 777 147 ΤΟΤ
806 106 1148 149 ΙΟΤΔΑῙΚΟΤ
1179 108 1490 150 ΠΟΛΕΜΟΥ

230 237 413 306 ὥσπερ
460 238 539 300 εἰς
592 238 694 305 τὴν
741 238 967 291 ἐκείνων
1013 239 1403 310 εὐκλεεστέραν
1448 244 1629 310 νίκην,
1684 241 1786 294 οὐκ
1840 243 1918 305 εἰς

228 325 330 392 τὴν
375 334 486 378 τῶν
531 326 1105 396 παρασκευασαμένων
1153 334 1427 398 σωτηρίαν
1476 329 1915 398 εὐτρεπισθέντα.

230 412 411 481 <372>
467 412 558 466 καὶ
611 417 740 477 τοὺς
792 412 894 483 μὲν
941 415 1002 468 έν
1048 425 1166 479 ταῖς
1211 418 1408 478 μάχαις
1459 410 1917 477 ἀποθνήσκοντας

229 500 633 569 εὐδαιμονίζειν
662 504 944 565 προσῆκον
977 500 1342 566 (ἀμυνόμενοι
1374 499 1478 567 γὰρ
1511 496 1601 550 καὶ
1633 498 1735 566 τὴν
1767 496 1916 550 ε’λευ-

228 593 428 653 θερίαν
477 584 544 637 οὐ
589 583 887 652 προέμενοι
934 583 1285 657 τεθνήκασι),
1330 588 1392 639 τὸ
1442 584 1503 639 δὲ
1549 590 1764 654 πλῆθος
1808 595 1918 638 τῶν
1963 607 1984 639 5

226 672 334 727 ὑπὸ
368 671 651 742 Ῥωμαίοις
693 673 1010 740 γενομένων
1049 677 1131 736 τίς
1170 674 1272 727 οὐκ
1311 674 1380 727 ἂν
1420 675 1717 743 έλεήσειεν;
1765 673 1800 742 ’ἢ
1839 677 1919 737 τίς

228 761 331 815 οὐκ
370 760 439 814 ἂν
473 761 750 830 ἐπειχθείη
789 762 896 829 πρὸ
935 769 1036 812 τοῦ
1074 761 1244 811 ταύτὰ
1282 769 1488 815 παθεῖν
1521 763 1752 824 ἐκείνοις
1787 761 1920 815 ἀπο-

228 854 456 914 θανεῖν;
500 844 794 916 <373>ὧν
827 851 884 901 οἳ
919 844 1022 916 μὲν
1054 847 1485 915 στρεβλούμενοι
1523 849 1614 899 καὶ
1652 848 1787 914 πυρὶ
1826 848 1918 898 καὶ

230 937 483 1006 μάστιξιν
531 939 861 1005 αἰκιζόμενοι
917 936 1280 1003 τεθνήκασιν,
1335 937 1394 988 οἳ
1445 932 1494 986 δ’
1539 934 1647 986 ὑπὸ
1700 937 1922 1003 θηρίων

229 1025 529 1095 ἡμίβρωτοι
574 1025 710 1091 πρὸς
758 1021 1023 1092 δευτέραν
1063 1023 1253 1085 αὐτοῖς
1298 1023 1512 1092 τροφὴν
1554 1024 1748 1086 ζῶντες
1787 1021 1919 1092 ἐφυ-
1946 1046 1988 1077 10

230 1114 537 1183 λάχθησαν,
585 1110 794 1179 γέλωτα
841 1109 931 1163 καὶ
978 1112 1208 1164 παιδιὰν
1254 1120 1371 1174 τοῖς
1417 1113 1701 1178 πολεμιόις
1752 1131 1923 1180 παρα-

231 1205 470 1273 σχόντες.
553 1200 736 1269 <374>
783 1199 1010 1253 ἐκείνων
1058 1197 1159 1268 μὲν
1207 1195 1312 1253 οὖν
1360 1197 1739 1261 ἀθλιωτάτους
1787 1199 1924 1253 ὑπο-

231 1289 466 1360 ληπτέον
504 1291 653 1351 τοὺς·
680 1291 759 1342 ἔτι
809 1291 1034 1357 ζῶντας,
1082 1291 1141 1341 οἳ
1187 1288 1450 1350 πολλάκις
1497 1287 1786 1357 εὐχόμενοι
1824 1289 1923 1341 τὸν

229 1379 478 1432 θάνατον
519 1381 710 1447 λαβεῖν
750 1378 852 1430 οὐκ
898 1379 1112 1447 ἔχουσι·
1162 1376 1344 1444 <375>
1392 1383 1501 1429 ποῦ
1550 1373 1667 1444 δ’ἡ
1716 1375 1922 1445 μεγάλη
2017 1446 2022 1451 “

229 1470 387 1528 πόλις
432 1467 466 1535 ἡ
513 1477 613 1521 τοῦ
658 1469 863 1530 παντὸς
902 1465 1191 1521 Ἰουδαίων
1238 1465 1437 1535 γένους
1483 1468 1843 1535 μητρόπολις,
1889 1465 1991 1534 ἡιε

229 1557 514 1621 τοσούτοις
561 1554 662 1624 μὲν
701 1555 912 1626 ἐρυμνὴ
956 1565 1152 1625 τειχῶν
1191 1558 1536 1625 περιβόλοις,
1582 1546 1822 1608 τοσαῦτα
1869 1551 1920 1606 δ’

232 1644 399 1713 αὐτῆς
424 1646 667 1714 φρούρια
691 1644 783 1698 καὶ
811 1644 1019 1714 μεγέθη
1044 1645 1273 1714 πύργων
1297 1641 1737 1714 προβεβλημένη,
1768 1645 1926 1711 μόλις

234 1729 294 1784 δὲ
325 1740 582 1802 χωροῦσα
614 1734 708 1796 τὰς
740 1735 820 1796 εἰς
851 1735 948 1786 τὸν
981 1735 1223 1801 πόλεμον
1256 1731 1624 1801 παρασκευάς,
1658 1732 1926 1793 τοσαύτας

235 1819 296 1874 δὲ
343 1822 615 1891 μυριάδας
660 1821 884 1889 ἀνδρῶν
932 1824 1133 1891 ἔχουσα
1186 1830 1297 1874 τῶν
1343 1817 1481 1888 ὑπὲρ
1538 1820 1707 1888 αὐτῆς
1760 1839 1927 1890 μαχο-

234 1909 440 1979 με’νων;
505 1910 688 1979 (376)
743 1918 852 1964 ποῦ
908 1913 1139 1978 γέγονεν
1183 1909 1317 1977 ἡμῖν
1362 1909 1395 1977 ἡ
1451 1911 1549 1962 τὸν
1595 1910 1734 1962 θεὸν
1780 1910 1926 1979 ἔχειν
1951 1931 1994 1962 20

235 2000 484 2068 οἰκιστὴν
528 1997 960 2068 πεπιστευμένη;
1023 2001 1314 2069 πρόρριζος
1368 1998 1426 2051 ἐκ
1480 1998 1715 2067 βάθρων
1761 1996 1927 2066 ἀνήρ-

235 2102 460 2154 πασται,
515 2086 605 2139 καὶ
661 2090 836 2156 μόνον
885 2086 1052 2156 αὐτῆς
1107 2095 1376 2155 μνημεῖον
1423 2085 1812 2139 ὑπολέλειπται
1865 2089 1927 2140 τὸ

237 2186 347 2230 τῶν
388 2174 749 2247 ἀνῃρημένων
790 2178 867 2228 ἔτι
914 2185 1030 2238 τοῖς
1067 2175 1352 2238 λειψάνοις
1392 2174 1667 2228 ἐποικοῦν.
1745 2175 1928 2244 (377)

235 2268 537 2334 πρεσβῦται
577 2262 638 2317 δὲ
679 2266 943 2333 δύστηνοι
980 2272 1044 2334 τῇ
1086 2265 1273 2334 σποδῷ
1314 2271 1427 2339 τοῦ,
1452 2262 1715 2332 τεμένους
1755 2281 1928 2333 παρα-

236 2354 537 2422 κάθηνται,
587 2352 678 2406 καὶ
724 2362 982 2421 γυναῖκες
1028 2353 1208 2420 ὀλίγαι
1254 2354 1391 2419 πρὸς
1435 2352 1604 2421 ὕβριν
1643 2353 1928 2421 αἰσχίστην
1953 2373 1996 2406 25
2031 2394 2032 2428 ἐ

240 2442 346 2496 ὑπὸ
385 2452 496 2495 τῶν
535 2445 814 2511 πολεμίων
852 2441 1228 2512 τετηρημέναι.
1307 2441 1490 2509 <378>
1533 2449 1703 2495 ταῦτα
1749 2443 1830 2503 τίς
1869 2440 1929 2494 έν
2030 2431 2032 2449 2

238 2540 318 2604 νῷ
360 2534 699 2600 βαλλόμενος
737 2531 893 2599 ἡμῶν
931 2532 1253 2601 καρτερήσει
1291 2531 1388 2583 τὸν
1426 2530 1588 2598 ’ἥλιον
1629 2530 1784 2598 ὁρᾶν,
1825 2529 1930 2583 κᾶν

242 2623 474 2689 δύνηται
508 2623 603 2689 ζῆν
628 2619 963 2683 ἀκινδύνως;
1001 2622 1081 2681 τίς
1112 2619 1256 2672 οὕτω
1289 2626 1383 2687 τῆς
1412 2620 1678 2688 πατρίδος
1710 2618 1930 2689 ἐχθρός,

242 2710 276 2778 ἢ
315 2713 395 2772 τίς
427 2709 602 2771 οὕτως
641 2709 917 2779 ἄνανδρος
954 2706 1043 2760 καὶ
1083 2710 1410 2778 φιλόψυχος,
1450 2707 1523 2769 ὡς
1561 2708 1634 2776 μὴ
1674 2706 1765 2760 καὶ
1804 2706 1929 2777 περὶ

241 2807 341 2852 τοῦ
381 2797 538 2868 μέχρι
576 2804 682 2851 νῦν
723 2800 876 2865 ζῆσαι
915 2807 1226 2866 μετανοεῐνς
1267 2796 1446 2864 <379>
1486 2793 1605 2848 ἀλλ’
1635 2801 1754 2849 εἴθε
1795 2797 1928 2849 πάν-
1953 2817 2019 2850 30·

241 2906 330 2950 τες
369 2887 758 2955 ἐτεθνήκειμεν
795 2884 929 2955 πρὶν
961 2886 1062 2954 τὴν
1097 2886 1251 2956 ἱερὰν
1283 2883 1500 2952 ἐκείνην
1538 2887 1702 2938 πόλιν
1741 2883 1929 2955 χερσὶν
