2032 3128
191 110 299 162 242
799 110 958 151 ΚΑΤΑ
987 109 1263 151 ΑΠΙΩΝΟΣ

192 263 355 312 μενος
401 245 745 311 βλασφημεῖν
798 242 985 310 ἕτερον
1038 242 1202 304 αὐτὸς
1256 240 1535 311 ἐλέγχηται
1582 241 1706 312 περὶ
1759 252 1872 296 τῶν

193 331 339 403 αὐτῷ
385 332 709 398 προσόντων
754 339 950 383 κακῶν.
1033 331 1154 398 <6>
1203 331 1316 382 ἔστι
1362 327 1462 398 μὲν
1510 326 1612 384 οὖν
1662 331 1730 384 οὐ
1777 329 1872 403 ῥά-

193 422 316 473 διον
363 419 533 472 αὐτοῦ
581 420 826 472 διελθεῖν
871 419 970 470 τὸν
1015 420 1204 485 λόγον,
1253 415 1385 471 οὐδὲ
1433 428 1619 487 σαφῶς
1664 429 1873 486 γνῶναι

194 510 250 560 τί
296 506 475 575 λέγειν
529 507 807 575 βούλεται·
874 508 1072 576 σχεδὸν
1119 501 1168 558 δ’
1208 507 1282 569 ὡς
1333 505 1392 559 ἐν
1443 511 1617 576 πολλῇ
1667 515 1872 577 ταραχῇ

194 593 284 648 καὶ
325 595 654 664 ψευσμάτων
687 596 966 665 συγχύσει,
1004 596 1070 647 τὰ
1109 591 1208 663 μὲν
1240 596 1318 657 εἰς
1355 595 1456 663 τὴν
1488 595 1686 663 ὁμοίαν
1719 595 1872 648 ἰδέαν

193 686 377 736 πίπτει
429 692 543 745 τοῖς
595 681 1113 753 προεξητασμένοις,
1165 681 1290 752 περὶ
1335 691 1430 751 τῆς
1483 682 1536 746 ἐξ
1584 684 1871 751 Αἰγύπτου

193 780 303 824 τῶν
349 770 627 841 ἡμετέρων
679 774 972 839 προγόνων
1027 770 1497 840 μεταναστάσεως,
1550 771 1613 823 τὰ
1665 769 1719 823 δ’
1761 769 1874 825 ἐστὶ

192 862 491 929 κατηγορία
552 869 663 913 τῶν
693 856 695 858 ’
725 858 785 912 ἐν
841 857 1221 931 Ἀλεξανδρείᾳ
1280 860 1685 913 κατοικούντων
1740 855 1875 913 Ἰου-

195 949 382 1001 δαίων.
458 948 565 1016 <7>
604 951 788 1018 τρίτον
836 946 887 1001 δ’
925 946 1012 1001 ἐπὶ
1058 948 1273 1010 τούτοις
1318 949 1567 1017 μέμικται
1612 946 1737 1017 περὶ
1783 955 1876 1016 τῆς

194 1036 469 1104 ἁγιστείας
522 1044 617 1105 τῆς
669 1037 803 1090 κατὰ
858 1038 918 1090 τὸ
972 1038 1122 1106 ἱερὸν
1175 1035 1329 1104 ἡμῶν
1384 1034 1473 1089 καὶ
1529 1046 1637 1090 τῶν
1692 1037 1876 1089 ἄλλων

195 1128 446 1194 νομίμων
485 1127 796 1193 κατηγορία.

307 1213 467 1284 <8s9>
514 1213 597 1266 ὅτι
643 1210 744 1282 μὲν
787 1209 891 1266 οὖν
937 1211 1054 1267 οὔτ’
1092 1214 1388 1281 Αἰγύπτιοι
1426 1215 1487 1267 τὸ
1534 1213 1693 1281 γένος
1738 1209 1878 1282 ἦσαν

195 1303 349 1370 ἡμῶν
390 1302 447 1355 οἰ
488 1300 739 1372 πατέρες,
787 1302 911 1355 οὔτε
960 1302 1052 1354 διὰ
1100 1303 1278 1370 λύμην
1318 1302 1583 1371 σωμάτων
1623 1302 1655 1371 ἢ
1694 1303 1879 1355 τοιαύ-

196 1412 289 1453 τας
343 1392 511 1453 ἄλλας
566 1390 854 1460 συμφοράς
907 1411 1061 1454 τινας
1115 1389 1329 1444 ἐκεῖθεν
1384 1390 1750 1460 ἐξηλάθησαν,
1813 1390 1879 1444 οὐ

196 1482 370 1548 μόνον
425 1482 655 1548 μετρίως
709 1479 845 1531 ἀλλὰ
899 1477 990 1532 καὶ
1042 1477 1180 1548 πέρα
1234 1487 1333 1533 τοῦ
1384 1478 1697 1549 συμμέτρου
1747 1498 1880 1548 προ-

197 1568 592 1638 αποδεδεῖχθαι
655 1570 881 1636 νομίζω·
958 1565 1084 1637 περὶ
1145 1562 1223 1620 ὧν
1289 1565 1349 1621 δὲ
1418 1570 1787 1638 προστίθησιν
1850 1567 1879 1621 ὁ

190 1655 393 1709 Ἀπίων
450 1656 930 1725 ἐπιμνησθήσομαι
989 1659 1287 1725 συντόμως.
1377 1657 1534 1725 <10>
1587 1654 1724 1726 φησὶ
1778 1656 1881 1726 γὰρ

198 1745 255 1797 ἐν
309 1752 371 1814 τῇ
426 1747 580 1815 τρίτῃ
630 1730 740 1797 τῶν
795 1746 1188 1812 Αἰγυπτιακῶν
1235 1745 1378 1798 τάδε.
1463 1744 1755 1814 (Μωυσῆς,
1810 1745 1883 1806 ὡς

196 1836 405 1902 ἤκουσα
459 1833 606 1902 παρὰ
660 1843 771 1886 τῶν
817 1832 1206 1902 πρεσβυτέρων
1261 1842 1370 1886 τῶν
1416 1835 1758 1901 Αἰγυπτίων,
1811 1829 1883 1900 ἦν

189 1921 603 1990 οΗλιοπολίτης,
665 1921 725 1984 ὃς
777 1925 1024 1990 πατρίοις
1086 1924 1238 1974 ἔθεσι
1297 1920 1741 1991 κατηγγυημένος
1801 1923 1882 1974 αἰ-

197 2013 397 2081 θριόυς
449 2011 757 2081 προσευχὰς
811 2009 1014 2078 ἀνῆγεν
1076 2011 1153 2073 εἰς
1214 2011 1366 2073 οἵους
1425 2007 1570 2081 εἶχεν
1632 2010 1665 2078 ἡ
1727 2012 1884 2073 πόλις

197 2101 548 2168 περιβόλους,
602 2101 739 2168 πρὸς
792 2098 1111 2169 άφηλιώτην
1167 2097 1227 2152 δὲ
1287 2099 1463 2162 πάσας
1518 2098 1883 2169 ἀπέστρεφεν·

199 2182 305 2240 ὧδε
346 2188 449 2255 γὰρ
496 2185 587 2240 καὶ
623 2186 819 2242 “Ηλίου
859 2198 1031 2241 κεῖται
1070 2190 1242 2251 πόλις.
1319 2189 1461 2257 <11>
1501 2186 1623 2241 ἀντὶ
1662 2184 1723 2240 δὲ
1763 2187 1884 2255 ὀβε-

199 2279 312 2328 λῶν
352 2278 544 2345 ἒστησε
582 2279 788 2344 κίονας,
830 2274 925 2347 ὑφ’
961 2270 1044 2340 οἷς
1082 2273 1152 2346 ἦν
1192 2277 1480 2346 ε’κτύπωμα
1520 2277 1721 2346 σκάφη,
1760 2276 1883 2329 σκιὰ

202 2362 258 2417 δ’
301 2363 505 2434 ἀνδρὸς
558 2360 643 2417 ἐπ’
690 2365 860 2434 αὐτὴν
917 2364 1259 2435 διακειμένη,
1316 2366 1389 2429 ὡς
1443 2365 1510 2419 ὃν
1565 2365 1625 2418 ἐν
1681 2364 1883 2433 αἰθέρι,

200 2461 400 2506 τοῦτον
454 2452 538 2506 ἀεὶ
593 2455 688 2507 τὸν
754 2455 964 2522 δρόμον
1018 2453 1155 2527 ἡλίῳ
1211 2452 1646 2524 συμπεριπολεῖῖ
1738 2453 1883 2520 <12>

200 2544 422 2610 τοιαύτη
462 2540 563 2611 μέν
594 2562 674 2605 τις
709 2541 741 2610 ἡ
781 2544 1072 2611 θαυμαστὴ
1113 2550 1213 2596 τοῦ
1252 2550 1629 2612 γραμματικοῦ
1667 2543 1887 2612 φράσις,

203 2632 263 2683 τὸ
305 2627 365 2683 δὲ
407 2638 622 2700 ψεῦσμα
662 2632 843 2699 λόγων
884 2630 950 2684 οὐ
999 2633 1263 2700 δεόμενον
1303 2629 1421 2684 ἀλλ’
1461 2630 1519 2684 ἐκ
1557 2640 1667 2683 τῶν
1709 2633 1886 2700 ἔργων

201 2716 516 2786 περιφανές.
590 2718 868 2794 οὔτεγὰρ
922 2719 1085 2782 αὐτὸς
1132 2723 1401 2787 Μωυσῆς,
1458 2719 1546 2771 ὅτε
1595 2720 1696 2787 τὴν
1740 2720 1886 2787 πρώ-

201 2826 301 2874 την
354 2807 562 2875 σκηνὴν
617 2815 692 2878 τῷ
742 2811 856 2879 θεῷ
911 2808 1326 2875 κατεσκεύασεν,
1379 2804 1545 2860 οὐδὲν
1599 2807 1886 2875 ἐκτύπωμα

202 2902 456 2947 τοιοῦτον
497 2896 575 2958 εἰς
621 2895 793 2964 αὐτὴν
834 2894 1115 2965 ἐνέθηκεν,
1163 2895 1294 2949 οὐδὲ
1332 2906 1512 2949 ποιεῖν
1551 2905 1665 2958 τοῖς
1705 2897 1886 2948 ἔπειτα
1967 2896 1969 2898 ’

1900 1063 1945 1094 10

1905 1503 2019 1536 15-

1907 1946 1950 1978 20

1909 2386 1952 2419 25

1910 2828 1955 2860 30
