2032 3128
695 80 907 122 ΛΟΓΟΣ
938 80 1240 121 ΠΕΜΠΤΟΣ
1739 77 1814 129 55

129 210 510 282 ἀπαθέστεροι.
572 211 754 281 <418>
792 210 883 265 καὶ
915 213 966 265 εί
994 213 1067 281 μὴ
1107 221 1275 265 ταῦτα
1314 213 1562 281 γνησίοις
1600 214 1807 281 ὄμμασι

129 299 379 369 βλέπετε,
433 300 625 367 γενεὰς
680 308 820 368 γοῦν
871 299 1134 370 ὑμετέρας
1187 302 1510 371 οἰκτείρατε,
1563 298 1654 353 καὶ
1703 301 1810 370 πρὸ

130 389 437 457 ὀφθαλμῶν
486 387 693 461 ἑκάστω
741 387 991 457 γενέσθω
1041 386 1203 441 τέκνα
1247 387 1339 442 καὶ
1389 390 1530 458 γυνὴ
1578 387 1667 441 καὶ
1720 408 1812 456 γο-

127 486 268 544 νεϊς,
314 476 411 539 οὓς
457 475 733 530 ἀναλώσει
780 477 913 546 μετὰ
961 478 1160 546 μικρὸν
1206 476 1240 545 ἢ
1288 479 1445 546 λιμὸς
1482 477 1516 546 ἢ
1562 479 1814 546 πόλεμος.

82 564 309 633 5<419>
364 560 471 618 οἶδ’
533 564 618 618 ὅτι
672 585 767 634 μοι
821 565 1243 633 συγκινδυνεύει
1297 567 1470 634 μήτηρ
1525 563 1616 618 καὶ
1671 567 1812 634 γυνὴ

127 651 218 705 καὶ
257 651 418 721 γένος
465 653 566 706 οὐκ
612 654 826 721 ἄσημον
871 651 963 707 καὶ
1007 653 1174 706 πάλαι
1215 656 1462 722 λαμπρὸς
1500 650 1675 723 οἶκος,
1721 652 1814 707 καὶ

127 742 263 811 τάχα
304 743 449 795 δοκῶ
495 742 588 794 διὰ
626 749 798 794 ταῦτα
838 742 1257 811 συμβουλεύειν.
1327 741 1679 796 ἀποκτείνατε
1719 742 1815 795 αὐ-

126 831 281 899 τούς,
343 830 532 898 λάβετε
596 831 804 898 μισθὸν
867 838 962 899 τῆς
1022 827 1232 883 ἑαυτῶν
1288 832 1557 899 σωτηρίας
1609 830 1816 898 τούμὸν

126 911 275 987 αἷμα.
336 917 486 986 κάγὼ
524 919 793 986 θνήσκειν
834 918 1074 987 ἕτοιμος,
1129 920 1180 971 εἰ
1216 919 1330 987 μετ’
1370 915 1464 987 ἐμὲ
1503 927 1815 988 σωφρονεῖν

59 1029 101 1061 10
126 1006 381 1075 μέλλετε.’

233 1094 413 1163 <420>
469 1103 695 1149 τοιαῦτα
748 1103 848 1149 τοῦ
896 1093 1164 1164 Ἰωσήπου
1220 1096 1354 1164 μετὰ
1410 1095 1666 1162 δακρύων
1722 1093 1813 1163 ἐμ-

122 1186 381 1252 βοῶντος,
414 1185 473 1237 οί
501 1184 818 1237 στασιασταὶ
851 1181 952 1253 μὲν
985 1181 1101 1237 οὔτ’
1142 1182 1407 1238 ἐνέδοσαν
1440 1181 1555 1237 οὔτ’
1593 1182 1812 1252 ἀσφαλῆ

121 1273 223 1340 τὴν
262 1274 571 1341 μεταβολὴν
612 1274 857 1342 ἔκριναν,
896 1273 925 1327 ὁ
968 1270 1029 1325 δὲ
1069 1273 1241 1341 δῆμος
1273 1272 1506 1341 ἐκινήθη
1547 1273 1685 1340 πρὸς
1718 1270 1814 1329 αὐ-

121 1364 400 1429 τομολίαν.
459 1361 662 1431 .<421>
708 1359 801 1415 καὶ
848 1364 904 1415 οἳ
955 1358 1056 1430 μὲν
1111 1362 1206 1424 τὰς
1256 1364 1474 1431 κτήσεις
1525 1360 1815 1430 ἐλαχίστου

56 1470 98 1503 15
121 1453 465 1518 πωλοῦντες,
519 1452 578 1502 οἳ
621 1445 683 1502 δὲ
728 1450 795 1502 τὰ
841 1448 1275 1519 πολυτελέστερα
1328 1458 1442 1503 τῶν
1496 1451 1814 1518 κειμηλίων,

120 1540 250 1600 τοὺς
281 1535 382 1607 μὲν
414 1546 673 1608 χρυσοῦς,
711 1538 785 1601 ὡς
815 1539 889 1607 μὴ
922 1543 1240 1608 φωραθεῖεν
1279 1538 1387 1592 ὑπὸ
1427 1547 1539 1591 τῶν
1578 1542 1814 1607 λῃστῶν,

120 1625 442 1694 κατέπινον,
492 1628 678 1679 ἔπειτα
716 1628 854 1696 πρὸς
892 1628 1022 1689 τοὺς
1054 1625 1351 1696 Ῥωμαίους
1390 1627 1815 1695 διαδιδράσκον-

120 1735 233 1784 τες,
289 1716 451 1769 ὁπότε
505 1713 919 1784 κατενέγκειαν,
974 1715 1252 1784 εὐπόρουν
1307 1717 1445 1786 πρὸς
1495 1715 1529 1768 ἃ
1581 1713 1814 1768 δέοιντο.

119 1804 302 1873 (422)
342 1805 551 1872 διηφίει
590 1804 695 1874 γὰρ
735 1806 865 1866 τοὺς
902 1806 1143 1867 πολλοὺς
1181 1804 1211 1858 ὁ
1255 1806 1415 1867 Τίτος
1455 1805 1533 1866 εἰς
1571 1804 1672 1871 τὴν
1710 1803 1816 1873 χώ-

11 1941 20 1944 .
55 1914 98 1946 20
123 1913 253 1962 ραν,
294 1893 422 1947 ὅποι
460 1894 722 1962 βούλοιτο
756 1892 1002 1955 ἕκαστος·
1035 1891 1127 1946 καὶ
1166 1891 1314 1956 τοῦτ’
1362 1893 1564 1954 αὐτοὺς
1603 1895 1816 1961 μᾶλλον

118 1983 256 2051 πρὸς
320 1981 658 2051 αὐτομολίαν
720 1982 1042 2052 παρεκάλει,
1103 1991 1215 2035 τῶν
1275 1979 1376 2050 μὲν
1438 1986 1568 2034 εἴσω
1630 1990 1816 2033 κακῶν

121 2069 577 2140 στερησομένους,
617 2071 690 2139 μὴ
733 2071 1139 2133 δουλεύσοντας
1178 2067 1239 2123 δὲ
1273 2068 1569 2140 Ῥωμαίοις.
1633 2069 1816 2137 <423>

121 2159 179 2212 οἱ
214 2156 274 2212 δὲ
313 2157 440 2229 περὶ
478 2161 576 2212 τὸν
610 2156 880 2228 Ἰωάννην
918 2157 1010 2212 καὶ
1055 2161 1154 2213 τὸν
1195 2162 1427 2227 Σίμωνα
1465 2158 1816 2228 παρεφύλατ-

117 2267 215 2300 τον
262 2249 358 2311 τὰς
404 2249 619 2301 τούτων
668 2247 896 2312 ἐξόδους
940 2246 1112 2302 πλέον
1150 2247 1183 2316 ἢ
1223 2248 1319 2310 τὰς
1363 2250 1633 2317 Ρωμαίων
1673 2248 1815 2299 εἰσό-

53 2357 96 2390 25
121 2338 271 2405 δους,
311 2334 403 2390 καὶ
443 2337 605 2389 σκιάν
638 2357 720 2399 τις
751 2337 1020 2410 ὑπονοίας
1050 2338 1350 2407 παρασχὼν
1390 2339 1565 2405 μόνον
1603 2334 1816 2397 εὐθέως

119 2424 508 2495 ἀπεσφάττετο.
586 2425 769 2495 <424>
806 2435 922 2488 τοῖς
959 2445 1021 2492 γε
1062 2427 1171 2495 μὴν
1211 2426 1470 2494 εὐπόροις
1507 2423 1598 2478 καὶ
1628 2425 1689 2477 τὸ
1723 2422 1815 2492 μέ-

116 2533 236 2566 νειν
286 2515 425 2584 πρὸς
471 2514 749 2568 ἀπώλειαν
802 2519 926 2567 ἴσον
963 2510 1058 2582 ἧν·
1119 2514 1394 2584 προφάσει
1434 2515 1539 2584 γὰρ
1580 2513 1813 2581 αὐτομο-

115 2605 236 2665 λίας
291 2602 547 2673 ἀνῃρεῖτό
603 2623 684 2666 τις
739 2603 833 2655 διὰ
886 2603 988 2672 τὴν
1042 2602 1255 2656 οὐσίαν.
1343 2610 1419 2675 τῷ
1476 2607 1616 2672 λιμῷ
1673 2598 1723 2653 δ’
1780 2600 1814 2669 ἡ

118 2689 354 2745 ἀπόνοια
394 2701 506 2745 τῶν
538 2700 883 2745 στασιαστῶν
923 2694 1259 2761 συνήκμαζε,
1306 2690 1398 2744 καὶ
1436 2684 1568 2744 καθ’
1603 2687 1815 2759 ἡμέραν

50 2799 94 2833 80
118 2773 403 2850 ἀμφότερα
434 2779 851 2851 προσεξεκαίετο
883 2780 950 2832 τὰ
982 2780 1153 2834 δεινά.
1216 2779 1400 2849 <425>
1441 2780 1683 2849 φανερὸς
1713 2774 1816 2847 μὲν

117 2869 222 2938 γὰρ
271 2869 522 2938 οὐδαμοῦ
571 2878 720 2932 σῖτος
765 2864 862 2938 ἧν,
911 2867 1347 2938 ἐπεισπηδῶντες
1394 2864 1455 2920 δὲ
1503 2868 1816 2937 διηρεύνων

1834 1094 1905 1146 10
