2032 3128
713 97 923 139 ΛΟΓΟΣ
954 97 1257 139 ΠΕΜΠΤΟΣ
1757 97 1829 148 33

144 232 209 284 τὰ
256 230 413 301 μέχρι
451 240 561 284 τῶν
601 228 822 299 Ἑλένης
860 232 1173 298 βασιλείων,
1220 238 1315 300 τῆς
1352 237 1452 285 τοῦ
1490 232 1830 300 Μονοβάζου

143 321 364 389 μητρός·
405 319 587 388 <254>
627 318 656 372 ὁ
691 315 752 371 δὲ
786 313 1043 388 Ἰωάννης
1080 321 1142 371 τό
1181 316 1243 371 θ’
1272 320 1423 387 ἱερὸν
1452 317 1545 372 καὶ
1575 320 1642 372 τὰ
1672 319 1829 389 πέριξ

145 406 229 460 ἐπ’
253 407 354 460 οὐκ
386 407 593 475 ὀλίγον,
633 410 732 460 τόν
763 427 819 460 τε
848 405 1051 477 Ὀφλᾶν
1083 405 1174 460 καὶ
1205 409 1306 476 τὴν
1330 410 1599 478 Κεδρῶνα
1630 414 1829 462 καλου-

142 494 315 565 μένην
361 496 632 565 φάραγγα.
709 496 769 548 τὸ
825 494 1024 563 μεταξὺ
1080 492 1141 548 δὲ
1194 497 1407 549 τούτων
1456 495 1829 565 ἐμπρήσαντες

94 607 114 638 5
138 591 212 655 τῷ
243 585 381 653 πρὸς
412 583 683 651 ἀλλήλους
713 583 932 657 πολέμῳ
965 585 1151 654 χώραν
1180 583 1421 637 ἀνεῖσαν.
1475 584 1658 653 <255>
1692 582 1824 638 οὐδὲ

138 674 243 742 γὰρ
296 674 433 742 πρὸς
482 681 596 735 τοῖς
641 675 876 742 τείχεσιν
925 671 1506 742 ἐστρατοπεδευμένων
1546 671 1826 742 Ῥωμαίων

139 763 304 815 ἔνδον
350 761 384 829 ἡ
432 761 620 824 στάσις
666 760 878 831 ἠρέμει,
931 763 1108 831 βραχὺ
1158 758 1219 814 δὲ
1271 762 1408 831 πρὸς
1453 762 1556 830 τὴν
1602 763 1826 830 πρώτην

135 849 520 918 ὑπονήψαντες
544 849 822 919 ἐνδρομὴν
846 849 1174 918 ἀνενόσουν,
1205 848 1296 903 καὶ
1327 851 1463 903 κατὰ
1489 852 1632 919 σφᾶς
1658 850 1827 903 πάλιν

138 938 457 1000 διαστάντες
489 938 775 1008 ἐμάχοντο,
810 938 947 991 κατά
977 933 1028 990 τ’
1052 938 1221 1007 εὐχὴν
1251 937 1428 992 πάντα
1459 947 1575 1001 τοῖς
1605 943 1827 1005 πολιορ-

70 1050 114 1081 10
136 1034 332 1080 κοῦσιν
380 1028 662 1095 ἔπραττον.
740 1026 923 1096 <256>
971 1027 1098 1079 οὔτε
1146 1034 1285 1094 γοῦν
1333 1026 1497 1080 αὐτοί
1541 1046 1593 1080 τι
1639 1036 1827 1097 χεῖρον

134 1115 240 1168 ὑπὸ
288 1113 568 1184 Ῥωμαίων
631 1117 844 1168 ἔπαθον
900 1110 979 1168 ὧν
1034 1114 1307 1183 ἀλλήλους
1366 1117 1630 1185 ἔδρασαν,
1692 1116 1819 1168 οὔτε

133 1204 267 1273 μετὰ
313 1205 543 1267 τούτους
588 1203 621 1272 ἡ
669 1206 828 1266 πόλις
883 1203 1153 1274 ἐπειράθη
1207 1203 1534 1273 καινοτέρου
1588 1204 1828 1272 πάθους,
1908 1207 1917 1217 “

133 1290 320 1361 ἀλλ’ἢ
363 1290 464 1362 μὲν
503 1294 886 1363 χαλεπώτερόν
925 1313 976 1346 τι
1015 1295 1122 1363 πρὸ
1162 1301 1261 1347 τοῦ
1307 1302 1497 1346 πεσεῖν
1535 1293 1827 1363 ἠτύχησεν,

133 1385 191 1435 οἳ
242 1379 295 1434 δ’
343 1379 559 1444 ἑλόντες
613 1381 786 1450 αὐτὴν
836 1382 1213 1450 κατώρθωσάν
1263 1401 1315 1435 τι
1370 1384 1570 1449 μεῖζον.
1646 1381 1830 1450 <257>

66 1493 108 1525 15
134 1468 276 1539 φημὶ
307 1471 413 1540 γὰρ
446 1471 519 1533 ὡς
549 1471 652 1539 τὴν
683 1467 786 1539 μὲν
815 1473 981 1523 πόλιν
1013 1471 1046 1538 ἡ
1081 1471 1284 1539 στάσις,
1310 1469 1564 1539 Ῥωμαῖοι
1597 1468 1654 1523 δ’
1675 1463 1829 1523 εἶλον

129 1560 231 1627 τὴν
264 1559 474 1625 στάσιν,
513 1559 652 1627 ἥπερ
691 1555 761 1627 ἦν
792 1561 936 1612 πολὺ
970 1568 1081 1612 τῶν
1113 1568 1310 1628 τειχῶν
1343 1558 1674 1629 ὀχυρωτέρα.
1736 1557 1829 1612 καὶ

128 1649 189 1701 τὸ
229 1644 331 1716 μὲν
371 1649 710 1718 σκυθρωπὸν
749 1657 865 1710 τοῖς
905 1650 1154 1716 οἰκείοις,
1193 1650 1254 1701 τὸ
1298 1649 1517 1702 δίκαιον
1557 1646 1608 1700 δ’
1638 1649 1708 1701 ἄν
1747 1667 1830 1710 τις

129 1735 371 1803 εὐλόγως
417 1735 698 1805 Ῥωμαίοις
750 1737 1116 1806 προσγράφοι.
1203 1740 1400 1790 νοείτω
1458 1732 1514 1790 δ’
1554 1737 1659 1807 ὅπῃ
1715 1746 1831 1799 τοῖς

127 1825 444 1894 πράγμασιν
484 1825 707 1888 ἕκαστος
745 1826 950 1894 ἄγεται.

22 1938 104 1970 -20
240 1912 423 1983 <258>
475 1925 587 1968 τῶν
641 1934 702 1982 γε
763 1916 874 1984 μὴν
928 1916 1093 1968 ἔνδον
1149 1914 1292 1968 οὕτω
1351 1913 1739 1983 διακειμένων,
1797 1914 1825 1968 ὁ

135 2005 292 2065 Τίτος
330 2001 443 2071 μετ’
478 2001 776 2057 ἐπιλέκτων
814 2002 1022 2056 ἱππέων
1061 2004 1291 2071 περιιὼν
1331 2002 1542 2066 ἔξωθεν
1581 1995 1618 2074 ᾗ
1657 2018 1827 2073 προσ-

126 2091 289 2159 βάλοι
335 2101 449 2154 τοῖς
494 2093 695 2161 τείχεσι
741 2090 1146 2145 κατεσκέπτετο.
1223 2090 1407 2159 <259>
1456 2090 1827 2164 ἀπορουμένῳ

128 2176 189 2232 δὲ
236 2180 518 2233 πάντοθεν
567 2179 719 2252 (οὔτε
767 2182 872 2251 γὰρ
919 2181 1055 2234 κατὰ
1109 2181 1205 2243 τὰς
1259 2180 1549 2249 φάραγγας
1601 2178 1673 2249 ἦν
1718 2198 1829 2234 που

127 2271 414 2338 προσιτόν,
453 2268 545 2322 καὶ
583 2271 721 2323 κατὰ
759 2271 971 2339 θάτερα
1011 2271 1073 2324 τὸ
1109 2279 1330 2339 πρῶτον
1361 2278 1540 2339 τεῖχος
1572 2269 1829 2339 ἐφαίνετο

8 2421 10 2423 ‚
59 2379 105 2412 25
128 2366 239 2410 τῶν
288 2358 547 2428 ὀργάνων
594 2356 986 2430 στερεώτερον)
1043 2358 1223 2412 ἐδόκει
1276 2359 1413 2411 κατὰ
1459 2359 1520 2411 τὸ
1562 2355 1831 2411 Ἰωάννου

126 2454 227 2500 τοῦ
260 2445 556 2517 ἀρχιερέως
591 2457 862 2516 μνημεῖον
894 2450 1259 2517 προσβαλεῖν
1299 2447 1482 2516 <260>
1513 2447 1682 2517 ταύτῃ
1724 2447 1829 2516 γὰρ

127 2537 189 2588 τό
234 2554 291 2588 τε
338 2545 559 2606 πρῶτον
598 2532 669 2604 ἧν
709 2538 885 2606 ἔρυμα
932 2537 1366 2607 χθαμαλώτερον
1405 2533 1497 2588 καὶ
1545 2537 1605 2588 τὸ
1647 2535 1832 2588 δεύτε-

128 2643 230 2691 ρον
283 2624 351 2677 οὐ
408 2632 711 2694 συνῆπτεν,
768 2624 1164 2694 ἀμελησάντων
1217 2622 1351 2678 καθ’
1395 2625 1430 2677 ἃ
1484 2625 1558 2693 μὴ
1615 2626 1742 2676 λίαν
1796 2622 1830 2691 ἡ

126 2713 289 2781 καινὴ
346 2716 505 2777 πόλις
553 2712 861 2786 συνςόκιστο
910 2716 1180 2784 τειχίζειν,
1235 2711 1360 2766 ἀλλ’
1398 2711 1486 2766 ἐπὶ
1532 2714 1595 2766 τὸ
1642 2715 1831 2783 τρίτον

52 2823 103 2855 Ἰ30
127 2797 198 2868 ἦν
245 2801 521 2871 εὐπέτεια,
578 2800 652 2856 δι’
691 2800 758 2857 οὗ
814 2805 915 2872 τήν
962 2800 1013 2856 τ’
1053 2804 1168 2856 ἀνω
1227 2805 1392 2855 πόλιν
1442 2800 1533 2855 καὶ
1589 2802 1682 2854 διὰ
1736 2808 1832 2869 τῆς

122 2886 419 2955 Ἀντωνίας
472 2893 534 2946 τὸ
593 2893 744 2962 ἱερὸν
799 2892 1051 2963 αἱρήσειν
1107 2890 1336 2945 ἐπενόει.
1413 2891 1596 2960 <261>
1651 2889 1712 2944 ἐν
1768 2886 1831 2942 δὲ

216 2985 427 3020 Iosnrnus.
460 2987 526 3020 VI.
1533 2981 1559 3020 3
