<?xml version="1.0" encoding="UTF-8"?>
<!DOCTYPE html PUBLIC "-//W3C//DTD XHTML 1.0 Transitional//EN"
    "http://www.w3.org/TR/xhtml1/DTD/xhtml1-transitional.dtd">
<html xmlns="http://www.w3.org/1999/xhtml" xml:lang="en" lang="en">
 <head>
  <title>
</title>
<meta http-equiv="Content-Type" content="text/html;charset=utf-8" />
  <meta name='ocr-system' content='tesseract 3.04.00' />
  <meta name='ocr-capabilities' content='ocr_page ocr_carea ocr_par ocr_line ocrx_word'/>
</head>
<body>
  <div class='ocr_page' id='page_1' title='image "./flaviiiosephiope06joseuoft_0174.png"; bbox 0 0 2032 3128; ppageno 0'>
   <div class='ocr_carea' id='block_1_1' title="bbox 198 108 1457 159">
    <p class='ocr_par' dir='ltr' id='par_1_1' title="bbox 198 108 1457 159">
     <span class='ocr_line' id='line_1_1' title="bbox 198 108 1457 159; baseline -0.008 0"><span class='ocrx_word' id='word_1_1' title='bbox 198 108 301 159; x_wconf 83' lang='grc'><em>118</em></span> <span class='ocrx_word' id='word_1_2' title='bbox 624 110 749 151; x_wconf 81' lang='lat' dir='ltr'><em>TOT</em></span> <span class='ocrx_word' id='word_1_3' title='bbox 779 109 1119 152; x_wconf 82' lang='lat' dir='ltr'><strong>IOTAAIKOT</strong></span> <span class='ocrx_word' id='word_1_4' title='bbox 1149 109 1457 151; x_wconf 70' lang='grc' dir='ltr'><strong>ΠΟΛΕΜΟΥ</strong></span> 
     </span>
    </p>
   </div>
   <div class='ocr_carea' id='block_1_2' title="bbox 188 227 1964 2963">
    <p class='ocr_par' dir='ltr' id='par_1_2' title="bbox 188 227 1959 2609">
     <span class='ocr_line' id='line_1_2' title="bbox 194 227 1877 311; baseline -0.001 -16"><span class='ocrx_word' id='word_1_5' title='bbox 194 253 427 311; x_wconf 79' lang='grc' dir='ltr'><em>φρονεῖν</em></span> <span class='ocrx_word' id='word_1_6' title='bbox 465 227 692 311; x_wconf 75' lang='grc' dir='ltr'><em>ἥσθην,</em></span> <span class='ocrx_word' id='word_1_7' title='bbox 743 241 924 310; x_wconf 79' lang='lat'>&lt;345&gt;</span> <span class='ocrx_word' id='word_1_8' title='bbox 966 242 1105 310; x_wconf 83' lang='grc' dir='ltr'><em>ὑμᾶς</em></span> <span class='ocrx_word' id='word_1_9' title='bbox 1143 242 1465 295; x_wconf 89' lang='grc' dir='ltr'><em>παύσασθαι</em></span> <span class='ocrx_word' id='word_1_10' title='bbox 1496 243 1600 311; x_wconf 90' lang='grc' dir='ltr'><em>πρὸ</em></span> <span class='ocrx_word' id='word_1_11' title='bbox 1633 241 1877 310; x_wconf 89' lang='grc' dir='ltr'><em>πολέμου</em></span> 
     </span>
     <span class='ocr_line' id='line_1_3' title="bbox 191 329 1878 400; baseline -0.001 -18"><span class='ocrx_word' id='word_1_12' title='bbox 191 331 569 400; x_wconf 76' lang='grc' dir='ltr'><em>παρεκάλουν,</em></span> <span class='ocrx_word' id='word_1_13' title='bbox 632 329 790 400; x_wconf 90' lang='grc' dir='ltr'><em>μέχρι</em></span> <span class='ocrx_word' id='word_1_14' title='bbox 845 335 1055 384; x_wconf 87' lang='grc' dir='ltr'><em>πολλοῦ</em></span> <span class='ocrx_word' id='word_1_15' title='bbox 1111 332 1504 399; x_wconf 83' lang='grc' dir='ltr'><strong><em>πολεμούντων</em></strong></span> <span class='ocrx_word' id='word_1_16' title='bbox 1559 329 1878 398; x_wconf 80' lang='grc' dir='ltr'><em>ἐφειδόμην,</em></span> 
     </span>
     <span class='ocr_line' id='line_1_4' title="bbox 194 418 1877 487; baseline 0.001 -18"><span class='ocrx_word' id='word_1_17' title='bbox 194 419 376 481; x_wconf 81' lang='grc' dir='ltr'><em>δεξιὰς</em></span> <span class='ocrx_word' id='word_1_18' title='bbox 399 419 727 487; x_wconf 79' lang='grc' dir='ltr'><em>αὐτομόλοις</em></span> <span class='ocrx_word' id='word_1_19' title='bbox 752 419 948 484; x_wconf 82' lang='grc' dir='ltr'><em>ἔδωκα,</em></span> <span class='ocrx_word' id='word_1_20' title='bbox 979 426 1358 487; x_wconf 80' lang='grc' dir='ltr'><em>καταφυγοῦσι</em></span> <span class='ocrx_word' id='word_1_21' title='bbox 1388 422 1594 480; x_wconf 81' lang='grc' dir='ltr'><em>πίστεις</em></span> <span class='ocrx_word' id='word_1_22' title='bbox 1623 418 1877 486; x_wconf 80' lang='grc' dir='ltr'><em>ἐτήρησα,</em></span> 
     </span>
     <span class='ocr_line' id='line_1_5' title="bbox 190 506 1879 574; baseline -0.001 -16"><span class='ocrx_word' id='word_1_23' title='bbox 190 507 431 567; x_wconf 88' lang='grc' dir='ltr'><em>πολλοὺς</em></span> <span class='ocrx_word' id='word_1_24' title='bbox 477 507 854 574; x_wconf 77' lang='grc' dir='ltr'><em>αἰχμαλώτους</em></span> <span class='ocrx_word' id='word_1_25' title='bbox 899 506 1129 574; x_wconf 81' lang='grc' dir='ltr'><em>ἠλέησα,</em></span> <span class='ocrx_word' id='word_1_26' title='bbox 1179 509 1309 569; x_wconf 90' lang='grc' dir='ltr'><em>τοὺς</em></span> <span class='ocrx_word' id='word_1_27' title='bbox 1356 506 1673 573; x_wconf 76' lang='grc' dir='ltr'><em>ἐπείγοντας</em></span> <span class='ocrx_word' id='word_1_28' title='bbox 1711 509 1879 573; x_wconf 91' lang='grc' dir='ltr'><em>βασα-</em></span> 
     </span>
     <span class='ocr_line' id='line_1_6' title="bbox 194 593 1948 664; baseline 0.001 -18"><span class='ocrx_word' id='word_1_29' title='bbox 194 597 344 646; x_wconf 90' lang='grc' dir='ltr'><em>νίσαι</em></span> <span class='ocrx_word' id='word_1_30' title='bbox 378 593 645 661; x_wconf 83' lang='grc' dir='ltr'><em>ἐκώλυσα,</em></span> <span class='ocrx_word' id='word_1_31' title='bbox 675 596 912 663; x_wconf 86' lang='grc' dir='ltr'><em>τείχεσιν</em></span> <span class='ocrx_word' id='word_1_32' title='bbox 943 593 1226 662; x_wconf 79' lang='grc' dir='ltr'><em>ὑμετέροις</em></span> <span class='ocrx_word' id='word_1_33' title='bbox 1258 595 1502 664; x_wconf 82' lang='grc' dir='ltr'><em>μηχανὰς</em></span> <span class='ocrx_word' id='word_1_34' title='bbox 1531 595 1681 647; x_wconf 77' lang='grc' dir='ltr'><em>ἄκων</em></span> <span class='ocrx_word' id='word_1_35' title='bbox 1712 607 1880 663; x_wconf 81' lang='grc' dir='ltr'><em>προσ·</em></span> <span class='ocrx_word' id='word_1_36' title='bbox 1927 615 1948 648; x_wconf 86' lang='lat'>5</span> 
     </span>
     <span class='ocr_line' id='line_1_7' title="bbox 195 680 1881 751; baseline 0 -17"><span class='ocrx_word' id='word_1_37' title='bbox 195 683 426 750; x_wconf 92' lang='grc' dir='ltr'><em>ήγαγον,</em></span> <span class='ocrx_word' id='word_1_38' title='bbox 472 680 555 734; x_wconf 91' lang='grc' dir='ltr'><em>ἀεὶ</em></span> <span class='ocrx_word' id='word_1_39' title='bbox 597 691 886 751; x_wconf 82' lang='grc' dir='ltr'><em>φονῶντας</em></span> <span class='ocrx_word' id='word_1_40' title='bbox 924 684 1056 745; x_wconf 86' lang='grc' dir='ltr'><em>τοὺς</em></span> <span class='ocrx_word' id='word_1_41' title='bbox 1095 683 1427 751; x_wconf 86' lang='grc' dir='ltr'><em>στρατιώτας</em></span> <span class='ocrx_word' id='word_1_42' title='bbox 1467 680 1552 751; x_wconf 81' lang='grc' dir='ltr'><em>ἐφ’</em></span> <span class='ocrx_word' id='word_1_43' title='bbox 1582 682 1718 750; x_wconf 91' lang='grc' dir='ltr'><em>ὑμῖν</em></span> <span class='ocrx_word' id='word_1_44' title='bbox 1756 701 1881 735; x_wconf 89' lang='grc' dir='ltr'><em>κατ-</em></span> 
     </span>
     <span class='ocr_line' id='line_1_8' title="bbox 195 765 1884 840; baseline 0.001 -19"><span class='ocrx_word' id='word_1_45' title='bbox 195 769 388 839; x_wconf 90' lang='grc' dir='ltr'><em>έσχον,</em></span> <span class='ocrx_word' id='word_1_46' title='bbox 441 765 568 822; x_wconf 88' lang='grc' dir='ltr'><em>καθ’</em></span> <span class='ocrx_word' id='word_1_47' title='bbox 609 767 843 838; x_wconf 81' lang='grc' dir='ltr'><em>ἑκάστην</em></span> <span class='ocrx_word' id='word_1_48' title='bbox 899 773 1062 839; x_wconf 85' lang='grc' dir='ltr'><em>νίκην</em></span> <span class='ocrx_word' id='word_1_49' title='bbox 1117 771 1190 832; x_wconf 81' lang='grc' dir='ltr'><em>ὡς</em></span> <span class='ocrx_word' id='word_1_50' title='bbox 1243 770 1551 840; x_wconf 81' lang='grc' dir='ltr'><em>ἡττώμενος</em></span> <span class='ocrx_word' id='word_1_51' title='bbox 1606 770 1747 837; x_wconf 81' lang='grc' dir='ltr'><em>ὑμᾶς</em></span> <span class='ocrx_word' id='word_1_52' title='bbox 1805 772 1884 832; x_wconf 89' lang='grc' dir='ltr'><em>εἰς</em></span> 
     </span>
     <span class='ocr_line' id='line_1_9' title="bbox 193 858 1883 927; baseline 0.001 -18"><span class='ocrx_word' id='word_1_53' title='bbox 193 859 422 926; x_wconf 82' lang='grc' dir='ltr'><em>εἰρήνην</em></span> <span class='ocrx_word' id='word_1_54' title='bbox 476 858 953 927; x_wconf 86' lang='grc' dir='ltr'><em>προυκαλεσάμην.</em></span> <span class='ocrx_word' id='word_1_55' title='bbox 1029 858 1231 927; x_wconf 80' lang='lat'>&lt;346&gt;</span> <span class='ocrx_word' id='word_1_56' title='bbox 1285 866 1383 912; x_wconf 89' lang='grc' dir='ltr'><em>τοῦ</em></span> <span class='ocrx_word' id='word_1_57' title='bbox 1441 859 1593 927; x_wconf 77' lang='grc' dir='ltr'><em>ἱεροῦ</em></span> <span class='ocrx_word' id='word_1_58' title='bbox 1647 861 1883 926; x_wconf 91' lang='grc' dir='ltr'><em>πλησίον</em></span> 
     </span>
     <span class='ocr_line' id='line_1_10' title="bbox 192 944 1884 1015; baseline 0.001 -17"><span class='ocrx_word' id='word_1_59' title='bbox 192 949 491 1014; x_wconf 89' lang='grc' dir='ltr'><em>γενόμενος</em></span> <span class='ocrx_word' id='word_1_60' title='bbox 536 946 703 999; x_wconf 91' lang='grc' dir='ltr'><em>πάλιν</em></span> <span class='ocrx_word' id='word_1_61' title='bbox 752 944 893 998; x_wconf 81' lang='grc' dir='ltr'><em>ἑκὼν</em></span> <span class='ocrx_word' id='word_1_62' title='bbox 941 946 1283 1015; x_wconf 78' lang='grc' dir='ltr'><em>ἐξελαθόμην</em></span> <span class='ocrx_word' id='word_1_63' title='bbox 1331 956 1440 999; x_wconf 84' lang='grc' dir='ltr'><em>τῶν</em></span> <span class='ocrx_word' id='word_1_64' title='bbox 1490 955 1589 1000; x_wconf 94' lang='grc' dir='ltr'><em>τοῦ</em></span> <span class='ocrx_word' id='word_1_65' title='bbox 1640 945 1884 1014; x_wconf 87' lang='grc' dir='ltr'><em>πολέμου</em></span> 
     </span>
     <span class='ocr_line' id='line_1_11' title="bbox 191 1031 1951 1104; baseline 0.001 -17"><span class='ocrx_word' id='word_1_66' title='bbox 191 1036 413 1103; x_wconf 89' lang='grc' dir='ltr'><em>νόμων,</em></span> <span class='ocrx_word' id='word_1_67' title='bbox 475 1037 778 1103; x_wconf 87' lang='grc' dir='ltr'><em>φείσασθαι</em></span> <span class='ocrx_word' id='word_1_68' title='bbox 842 1031 905 1086; x_wconf 77' lang='grc' dir='ltr'><em>δὲ</em></span> <span class='ocrx_word' id='word_1_69' title='bbox 957 1035 1304 1103; x_wconf 76' lang='grc' dir='ltr'><em>παρεκάλουν</em></span> <span class='ocrx_word' id='word_1_70' title='bbox 1363 1044 1475 1088; x_wconf 84' lang='grc' dir='ltr'><em>τῶν</em></span> <span class='ocrx_word' id='word_1_71' title='bbox 1530 1036 1690 1087; x_wconf 81' lang='grc' dir='ltr'><em>ἰδίων</em></span> <span class='ocrx_word' id='word_1_72' title='bbox 1744 1035 1884 1104; x_wconf 85' lang='grc' dir='ltr'><em>ὑμᾶς</em></span> <span class='ocrx_word' id='word_1_73' title='bbox 1910 1057 1951 1088; x_wconf 89' lang='lat'><em>10</em></span> 
     </span>
     <span class='ocr_line' id='line_1_12' title="bbox 193 1121 1876 1191; baseline 0.001 -17"><span class='ocrx_word' id='word_1_74' title='bbox 193 1121 368 1191; x_wconf 80' lang='grc' dir='ltr'><em>ἁγίων</em></span> <span class='ocrx_word' id='word_1_75' title='bbox 419 1121 509 1176; x_wconf 82' lang='grc' dir='ltr'><em>καὶ</em></span> <span class='ocrx_word' id='word_1_76' title='bbox 558 1131 730 1175; x_wconf 84' lang='grc' dir='ltr'><em>σῶσαι</em></span> <span class='ocrx_word' id='word_1_77' title='bbox 777 1124 876 1175; x_wconf 93' lang='grc' dir='ltr'><em>τὸν</em></span> <span class='ocrx_word' id='word_1_78' title='bbox 915 1125 1054 1176; x_wconf 91' lang='grc' dir='ltr'><em>ναὸν</em></span> <span class='ocrx_word' id='word_1_79' title='bbox 1095 1122 1328 1191; x_wconf 78' lang='grc' dir='ltr'><em>ἑαυτοῖς,</em></span> <span class='ocrx_word' id='word_1_80' title='bbox 1368 1125 1562 1186; x_wconf 88' lang='grc' dir='ltr'><em>διδοὺς</em></span> <span class='ocrx_word' id='word_1_81' title='bbox 1601 1123 1793 1175; x_wconf 77' lang='grc' dir='ltr'><em>ἄδειάν</em></span> <span class='ocrx_word' id='word_1_82' title='bbox 1832 1121 1876 1176; x_wconf 89' lang='grc' dir='ltr'><em>τ’</em></span> 
     </span>
     <span class='ocr_line' id='line_1_13' title="bbox 193 1208 1885 1280; baseline 0.001 -17"><span class='ocrx_word' id='word_1_83' title='bbox 193 1210 388 1275; x_wconf 77' lang='grc' dir='ltr'><em>ἐξόδου</em></span> <span class='ocrx_word' id='word_1_84' title='bbox 428 1209 519 1263; x_wconf 88' lang='grc' dir='ltr'><em>καὶ</em></span> <span class='ocrx_word' id='word_1_85' title='bbox 558 1214 743 1264; x_wconf 89' lang='grc' dir='ltr'><em>πίστιν</em></span> <span class='ocrx_word' id='word_1_86' title='bbox 785 1214 1070 1280; x_wconf 87' lang='grc' dir='ltr'><em>σωτηρίας,</em></span> <span class='ocrx_word' id='word_1_87' title='bbox 1110 1213 1162 1263; x_wconf 89' lang='grc' dir='ltr'><em>εἰ</em></span> <span class='ocrx_word' id='word_1_88' title='bbox 1200 1208 1249 1263; x_wconf 82' lang='grc' dir='ltr'><em>δ’</em></span> <span class='ocrx_word' id='word_1_89' title='bbox 1289 1210 1620 1279; x_wconf 80' lang='grc' dir='ltr'><em>ἐβούλεσθε,</em></span> <span class='ocrx_word' id='word_1_90' title='bbox 1659 1210 1752 1264; x_wconf 86' lang='grc' dir='ltr'><em>καὶ</em></span> <span class='ocrx_word' id='word_1_91' title='bbox 1784 1212 1885 1280; x_wconf 88' lang='grc' dir='ltr'><em>μά-</em></span> 
     </span>
     <span class='ocr_line' id='line_1_14' title="bbox 192 1299 1884 1372; baseline 0.001 -20"><span class='ocrx_word' id='word_1_92' title='bbox 192 1319 289 1369; x_wconf 89' lang='grc' dir='ltr'><em>χης</em></span> <span class='ocrx_word' id='word_1_93' title='bbox 337 1301 533 1369; x_wconf 91' lang='grc' dir='ltr'><em>καιρὸν</em></span> <span class='ocrx_word' id='word_1_94' title='bbox 585 1299 645 1352; x_wconf 89' lang='grc' dir='ltr'><em>ἐν</em></span> <span class='ocrx_word' id='word_1_95' title='bbox 693 1300 841 1370; x_wconf 75' lang='grc' dir='ltr'><em>ἄλλω</em></span> <span class='ocrx_word' id='word_1_96' title='bbox 892 1302 1055 1372; x_wconf 78' lang='grc' dir='ltr'><em>τόπῳ.</em></span> <span class='ocrx_word' id='word_1_97' title='bbox 1133 1301 1357 1353; x_wconf 89' lang='grc' dir='ltr'><em>πάντων</em></span> <span class='ocrx_word' id='word_1_98' title='bbox 1408 1300 1744 1370; x_wconf 84' lang='grc' dir='ltr'><em>ὑπερείδετε,</em></span> <span class='ocrx_word' id='word_1_99' title='bbox 1794 1299 1884 1353; x_wconf 83' lang='grc' dir='ltr'><em>καὶ</em></span> 
     </span>
     <span class='ocr_line' id='line_1_15' title="bbox 191 1386 1886 1459; baseline 0.001 -19"><span class='ocrx_word' id='word_1_100' title='bbox 191 1389 289 1441; x_wconf 90' lang='grc' dir='ltr'><em>τὸν</em></span> <span class='ocrx_word' id='word_1_101' title='bbox 337 1389 476 1441; x_wconf 90' lang='grc' dir='ltr'><em>ναὸν</em></span> <span class='ocrx_word' id='word_1_102' title='bbox 525 1388 691 1450; x_wconf 82' lang='grc' dir='ltr'><em>ἰδίαις</em></span> <span class='ocrx_word' id='word_1_103' title='bbox 743 1386 935 1457; x_wconf 86' lang='grc' dir='ltr'><em>χερσὶν</em></span> <span class='ocrx_word' id='word_1_104' title='bbox 995 1387 1342 1458; x_wconf 82' lang='grc' dir='ltr'><em>ἐνεπρήσατε.</em></span> <span class='ocrx_word' id='word_1_105' title='bbox 1428 1388 1623 1459; x_wconf 71' lang='lat'>&lt;347&gt;</span> <span class='ocrx_word' id='word_1_106' title='bbox 1684 1391 1886 1456; x_wconf 81' lang='grc' dir='ltr'><em>ἔπειτα,</em></span> 
     </span>
     <span class='ocr_line' id='line_1_16' title="bbox 193 1475 1953 1546; baseline 0.001 -18"><span class='ocrx_word' id='word_1_107' title='bbox 193 1477 557 1544; x_wconf 90' lang='grc' dir='ltr'><em>μιαρώτατοι,</em></span> <span class='ocrx_word' id='word_1_108' title='bbox 596 1475 974 1544; x_wconf 88' lang='grc' dir='ltr'><em>προκαλεῖσθέ</em></span> <span class='ocrx_word' id='word_1_109' title='bbox 1008 1495 1074 1544; x_wconf 88' lang='grc' dir='ltr'><em>με</em></span> <span class='ocrx_word' id='word_1_110' title='bbox 1113 1478 1250 1546; x_wconf 90' lang='grc' dir='ltr'><em>πρὸς</em></span> <span class='ocrx_word' id='word_1_111' title='bbox 1288 1479 1491 1546; x_wconf 86' lang='grc' dir='ltr'><em>λόγους</em></span> <span class='ocrx_word' id='word_1_112' title='bbox 1528 1485 1660 1542; x_wconf 87' lang='grc' dir='ltr'><em>νῦν;</em></span> <span class='ocrx_word' id='word_1_113' title='bbox 1702 1479 1795 1531; x_wconf 81' lang='grc' dir='ltr'><em>ἵνα</em></span> <span class='ocrx_word' id='word_1_114' title='bbox 1833 1481 1891 1530; x_wconf 91' lang='grc' dir='ltr'><em>τί</em></span> <span class='ocrx_word' id='word_1_115' title='bbox 1911 1498 1953 1530; x_wconf 88' lang='lat'><em>15</em></span> 
     </span>
     <span class='ocr_line' id='line_1_17' title="bbox 193 1558 1887 1634; baseline 0.002 -18"><span class='ocrx_word' id='word_1_116' title='bbox 193 1565 404 1632; x_wconf 88' lang='grc' dir='ltr'><em>σώσητε</em></span> <span class='ocrx_word' id='word_1_117' title='bbox 451 1571 705 1616; x_wconf 90' lang='grc' dir='ltr'><em>τοιοῦτον</em></span> <span class='ocrx_word' id='word_1_118' title='bbox 755 1558 876 1617; x_wconf 85' lang='grc' dir='ltr'><em>οἷον</em></span> <span class='ocrx_word' id='word_1_119' title='bbox 924 1563 1235 1629; x_wconf 88' lang='grc' dir='ltr'><em>ἀπόλωλεν;</em></span> <span class='ocrx_word' id='word_1_120' title='bbox 1289 1568 1453 1628; x_wconf 89' lang='grc' dir='ltr'><em>ποιάς</em></span> <span class='ocrx_word' id='word_1_121' title='bbox 1496 1565 1639 1634; x_wconf 85' lang='grc' dir='ltr'><em>ὑμᾶς</em></span> <span class='ocrx_word' id='word_1_122' title='bbox 1685 1565 1887 1629; x_wconf 85' lang='grc' dir='ltr'><em>αὐτοὺς</em></span> 
     </span>
     <span class='ocr_line' id='line_1_18' title="bbox 192 1651 1887 1723; baseline 0.001 -18"><span class='ocrx_word' id='word_1_123' title='bbox 192 1651 409 1715; x_wconf 80' lang='grc' dir='ltr'><em>ἀξιοῦτε</em></span> <span class='ocrx_word' id='word_1_124' title='bbox 449 1652 582 1720; x_wconf 82' lang='grc' dir='ltr'><em>μετὰ</em></span> <span class='ocrx_word' id='word_1_125' title='bbox 621 1653 720 1705; x_wconf 89' lang='grc' dir='ltr'><em>τὸν</em></span> <span class='ocrx_word' id='word_1_126' title='bbox 759 1654 898 1705; x_wconf 90' lang='grc' dir='ltr'><em>ναὸν</em></span> <span class='ocrx_word' id='word_1_127' title='bbox 939 1656 1231 1723; x_wconf 86' lang='grc' dir='ltr'><em>σωτηρίας;</em></span> <span class='ocrx_word' id='word_1_128' title='bbox 1271 1654 1453 1722; x_wconf 81' lang='grc'>&lt;348&gt;</span> <span class='ocrx_word' id='word_1_129' title='bbox 1487 1653 1626 1707; x_wconf 82' lang='grc' dir='ltr'><em>ἀλλὰ</em></span> <span class='ocrx_word' id='word_1_130' title='bbox 1658 1653 1748 1707; x_wconf 83' lang='grc' dir='ltr'><em>καὶ</em></span> <span class='ocrx_word' id='word_1_131' title='bbox 1779 1662 1887 1708; x_wconf 91' lang='grc' dir='ltr'><em>νῦν</em></span> 
     </span>
     <span class='ocr_line' id='line_1_19' title="bbox 192 1740 1888 1813; baseline 0.002 -20"><span class='ocrx_word' id='word_1_132' title='bbox 192 1741 325 1809; x_wconf 80' lang='grc' dir='ltr'><em>μετὰ</em></span> <span class='ocrx_word' id='word_1_133' title='bbox 365 1750 477 1793; x_wconf 81' lang='grc' dir='ltr'><em>τῶν</em></span> <span class='ocrx_word' id='word_1_134' title='bbox 518 1740 704 1794; x_wconf 85' lang='grc' dir='ltr'><em>ὅπλων</em></span> <span class='ocrx_word' id='word_1_135' title='bbox 746 1740 1029 1810; x_wconf 80' lang='grc' dir='ltr'><em>ἑστήκατε,</em></span> <span class='ocrx_word' id='word_1_136' title='bbox 1074 1740 1164 1794; x_wconf 86' lang='grc' dir='ltr'><em>καὶ</em></span> <span class='ocrx_word' id='word_1_137' title='bbox 1206 1740 1326 1796; x_wconf 85' lang='grc' dir='ltr'><em>οὐδ’</em></span> <span class='ocrx_word' id='word_1_138' title='bbox 1367 1742 1428 1796; x_wconf 89' lang='grc' dir='ltr'><em>ἐν</em></span> <span class='ocrx_word' id='word_1_139' title='bbox 1468 1742 1716 1813; x_wconf 77' lang='grc' dir='ltr'><em>ἐσχάτοις</em></span> <span class='ocrx_word' id='word_1_140' title='bbox 1753 1744 1888 1797; x_wconf 91' lang='grc' dir='ltr'><em>ὑπο-</em></span> 
     </span>
     <span class='ocr_line' id='line_1_20' title="bbox 191 1827 1887 1900; baseline 0.002 -18"><span class='ocrx_word' id='word_1_141' title='bbox 191 1832 454 1899; x_wconf 89' lang='grc' dir='ltr'><em>κρίνεσθε</em></span> <span class='ocrx_word' id='word_1_142' title='bbox 493 1838 634 1897; x_wconf 90' lang='grc' dir='ltr'><em>γοῦν</em></span> <span class='ocrx_word' id='word_1_143' title='bbox 676 1829 871 1898; x_wconf 74' lang='grc' dir='ltr'><em>ἱκέτας,</em></span> <span class='ocrx_word' id='word_1_144' title='bbox 912 1827 953 1882; x_wconf 81' lang='grc' dir='ltr'><em>ὦ</em></span> <span class='ocrx_word' id='word_1_145' title='bbox 994 1834 1350 1900; x_wconf 86' lang='grc' dir='ltr'><em>ταλαίπωροι,</em></span> <span class='ocrx_word' id='word_1_146' title='bbox 1388 1834 1499 1884; x_wconf 91' lang='grc' dir='ltr'><em>τίνι</em></span> <span class='ocrx_word' id='word_1_147' title='bbox 1534 1834 1887 1896; x_wconf 88' lang='grc' dir='ltr'><em>πεποιθότες;</em></span> 
     </span>
     <span class='ocr_line' id='line_1_21' title="bbox 191 1916 1956 1989; baseline 0.001 -17"><span class='ocrx_word' id='word_1_148' title='bbox 191 1918 373 1986; x_wconf 74' lang='grc'>(349)</span> <span class='ocrx_word' id='word_1_149' title='bbox 412 1918 480 1971; x_wconf 86' lang='grc' dir='ltr'><em>οὐ</em></span> <span class='ocrx_word' id='word_1_150' title='bbox 511 1920 709 1987; x_wconf 90' lang='grc' dir='ltr'><em>νεκρὸς</em></span> <span class='ocrx_word' id='word_1_151' title='bbox 740 1916 842 1987; x_wconf 76' lang='grc' dir='ltr'><em>μὲν</em></span> <span class='ocrx_word' id='word_1_152' title='bbox 873 1919 1032 1987; x_wconf 85' lang='grc' dir='ltr'><em>ὑμῶν</em></span> <span class='ocrx_word' id='word_1_153' title='bbox 1066 1919 1095 1973; x_wconf 89' lang='grc' dir='ltr'>ὁ</span> <span class='ocrx_word' id='word_1_154' title='bbox 1130 1921 1320 1988; x_wconf 82' lang='grc' dir='ltr'><em>δῆμος,</em></span> <span class='ocrx_word' id='word_1_155' title='bbox 1354 1924 1559 1989; x_wconf 80' lang='grc' dir='ltr'><em>οἴχεται</em></span> <span class='ocrx_word' id='word_1_156' title='bbox 1593 1916 1643 1973; x_wconf 86' lang='grc' dir='ltr'><em>δ’</em></span> <span class='ocrx_word' id='word_1_157' title='bbox 1675 1921 1704 1974; x_wconf 88' lang='grc' dir='ltr'>ὁ</span> <span class='ocrx_word' id='word_1_158' title='bbox 1737 1923 1888 1988; x_wconf 90' lang='grc' dir='ltr'><em>ναός,</em></span> <span class='ocrx_word' id='word_1_159' title='bbox 1913 1941 1956 1973; x_wconf 80' lang='lat'><em>20</em></span> 
     </span>
     <span class='ocr_line' id='line_1_22' title="bbox 189 2005 1887 2079; baseline 0.002 -20"><span class='ocrx_word' id='word_1_160' title='bbox 189 2005 286 2059; x_wconf 87' lang='grc' dir='ltr'><em>ὑπ’</em></span> <span class='ocrx_word' id='word_1_161' title='bbox 331 2005 451 2075; x_wconf 86' lang='grc' dir='ltr'><em>ἐμοὶ</em></span> <span class='ocrx_word' id='word_1_162' title='bbox 509 2005 557 2059; x_wconf 89' lang='grc' dir='ltr'><em>δ’</em></span> <span class='ocrx_word' id='word_1_163' title='bbox 612 2007 645 2075; x_wconf 84' lang='grc' dir='ltr'><em>ἡ</em></span> <span class='ocrx_word' id='word_1_164' title='bbox 701 2010 885 2076; x_wconf 91' lang='grc' dir='ltr'><em>πόλις,</em></span> <span class='ocrx_word' id='word_1_165' title='bbox 941 2007 1002 2060; x_wconf 85' lang='grc' dir='ltr'><em>ἐν</em></span> <span class='ocrx_word' id='word_1_166' title='bbox 1052 2006 1207 2078; x_wconf 85' lang='grc' dir='ltr'><em>χερσὶ</em></span> <span class='ocrx_word' id='word_1_167' title='bbox 1259 2005 1321 2060; x_wconf 76' lang='grc' dir='ltr'><em>δὲ</em></span> <span class='ocrx_word' id='word_1_168' title='bbox 1372 2018 1489 2071; x_wconf 92' lang='grc' dir='ltr'><em>ταῖς</em></span> <span class='ocrx_word' id='word_1_169' title='bbox 1538 2008 1692 2077; x_wconf 83' lang='grc' dir='ltr'><em>ἐμαῖς</em></span> <span class='ocrx_word' id='word_1_170' title='bbox 1743 2011 1887 2079; x_wconf 83' lang='grc' dir='ltr'><em>ἔχετε</em></span> 
     </span>
     <span class='ocr_line' id='line_1_23' title="bbox 191 2092 1890 2166; baseline 0.002 -19"><span class='ocrx_word' id='word_1_171' title='bbox 191 2096 289 2158; x_wconf 79' lang='grc' dir='ltr'><em>τὰς</em></span> <span class='ocrx_word' id='word_1_172' title='bbox 326 2095 529 2165; x_wconf 81' lang='grc' dir='ltr'><em>ψυχάς;</em></span> <span class='ocrx_word' id='word_1_173' title='bbox 571 2092 681 2149; x_wconf 83' lang='grc' dir='ltr'><em>εἷθ’</em></span> <span class='ocrx_word' id='word_1_174' title='bbox 712 2097 1126 2165; x_wconf 86' lang='grc' dir='ltr'><em>ὑπολαμβάνετε</em></span> <span class='ocrx_word' id='word_1_175' title='bbox 1161 2097 1331 2160; x_wconf 78' lang='grc' dir='ltr'><em>δόξαν</em></span> <span class='ocrx_word' id='word_1_176' title='bbox 1364 2096 1624 2166; x_wconf 79' lang='grc' dir='ltr'><em>ἀνδρείας</em></span> <span class='ocrx_word' id='word_1_177' title='bbox 1654 2099 1715 2151; x_wconf 91' lang='grc' dir='ltr'><em>τὸ</em></span> <span class='ocrx_word' id='word_1_178' title='bbox 1757 2098 1890 2151; x_wconf 88' lang='grc' dir='ltr'><em>δυσ-</em></span> 
     </span>
     <span class='ocr_line' id='line_1_24' title="bbox 188 2183 1892 2255; baseline 0.001 -19"><span class='ocrx_word' id='word_1_179' title='bbox 188 2190 469 2247; x_wconf 83' lang='grc' dir='ltr'><em>θανατᾶν;</em></span> <span class='ocrx_word' id='word_1_180' title='bbox 537 2183 721 2254; x_wconf 78' lang='grc'>&lt;350&gt;</span> <span class='ocrx_word' id='word_1_181' title='bbox 777 2185 843 2238; x_wconf 83' lang='grc' dir='ltr'><em>οὐ</em></span> <span class='ocrx_word' id='word_1_182' title='bbox 892 2187 1004 2254; x_wconf 81' lang='grc' dir='ltr'><em>μὴν</em></span> <span class='ocrx_word' id='word_1_183' title='bbox 1051 2185 1158 2253; x_wconf 86' lang='grc' dir='ltr'><em>ἐγὼ</em></span> <span class='ocrx_word' id='word_1_184' title='bbox 1207 2188 1551 2254; x_wconf 87' lang='grc' dir='ltr'><em>φιλονικήσω</em></span> <span class='ocrx_word' id='word_1_185' title='bbox 1601 2188 1740 2252; x_wconf 88' lang='grc' dir='ltr'><em>πρὸς</em></span> <span class='ocrx_word' id='word_1_186' title='bbox 1789 2188 1892 2255; x_wconf 88' lang='grc' dir='ltr'><em>τὴν</em></span> 
     </span>
     <span class='ocr_line' id='line_1_25' title="bbox 192 2271 1890 2344; baseline 0.002 -20"><span class='ocrx_word' id='word_1_187' title='bbox 192 2272 465 2326; x_wconf 79' lang='grc' dir='ltr'><em>ἀπόνοιαν</em></span> <span class='ocrx_word' id='word_1_188' title='bbox 505 2273 690 2342; x_wconf 83' lang='grc' dir='ltr'><em>ὑμῶν,</em></span> <span class='ocrx_word' id='word_1_189' title='bbox 731 2274 925 2344; x_wconf 76' lang='grc' dir='ltr'><em>ρ”ίψασι</em></span> <span class='ocrx_word' id='word_1_190' title='bbox 967 2271 1028 2327; x_wconf 73' lang='grc' dir='ltr'><em>δὲ</em></span> <span class='ocrx_word' id='word_1_191' title='bbox 1066 2275 1133 2327; x_wconf 82' lang='grc' dir='ltr'><em>τὰ</em></span> <span class='ocrx_word' id='word_1_192' title='bbox 1173 2274 1314 2327; x_wconf 80' lang='grc' dir='ltr'><em>ὅπλα</em></span> <span class='ocrx_word' id='word_1_193' title='bbox 1354 2273 1445 2327; x_wconf 86' lang='grc' dir='ltr'><em>καὶ</em></span> <span class='ocrx_word' id='word_1_194' title='bbox 1478 2276 1792 2343; x_wconf 85' lang='grc' dir='ltr'><em>παραδοῦσι</em></span> <span class='ocrx_word' id='word_1_195' title='bbox 1825 2275 1890 2327; x_wconf 81' lang='grc' dir='ltr'><em>τὰ</em></span> 
     </span>
     <span class='ocr_line' id='line_1_26' title="bbox 191 2362 1959 2434; baseline 0.001 -21"><span class='ocrx_word' id='word_1_196' title='bbox 191 2362 406 2414; x_wconf 91' lang='grc' dir='ltr'><em>σώτατα</em></span> <span class='ocrx_word' id='word_1_197' title='bbox 432 2364 720 2431; x_wconf 82' lang='grc' dir='ltr'><em>χαρίζομαι</em></span> <span class='ocrx_word' id='word_1_198' title='bbox 751 2364 813 2415; x_wconf 93' lang='grc' dir='ltr'><em>τὸ</em></span> <span class='ocrx_word' id='word_1_199' title='bbox 849 2365 961 2431; x_wconf 81' lang='grc' dir='ltr'><em>ζῆν,</em></span> <span class='ocrx_word' id='word_1_200' title='bbox 1003 2363 1186 2432; x_wconf 83' lang='grc' dir='ltr'><em>ὥσπερ</em></span> <span class='ocrx_word' id='word_1_201' title='bbox 1219 2362 1279 2415; x_wconf 90' lang='grc' dir='ltr'><em>ἐν</em></span> <span class='ocrx_word' id='word_1_202' title='bbox 1311 2365 1458 2432; x_wconf 79' lang='grc' dir='ltr'><em>οἰκίᾳ</em></span> <span class='ocrx_word' id='word_1_203' title='bbox 1488 2370 1663 2434; x_wconf 80' lang='grc' dir='ltr'><em>πρᾷος</em></span> <span class='ocrx_word' id='word_1_204' title='bbox 1695 2363 1891 2416; x_wconf 91' lang='grc' dir='ltr'><em>δεσπό-</em></span> <span class='ocrx_word' id='word_1_205' title='bbox 1917 2383 1959 2415; x_wconf 77' lang='lat'><em>25</em></span> 
     </span>
     <span class='ocr_line' id='line_1_27' title="bbox 190 2445 1893 2519; baseline 0.001 -17"><span class='ocrx_word' id='word_1_206' title='bbox 190 2469 310 2519; x_wconf 87' lang='grc' dir='ltr'><em>της,</em></span> <span class='ocrx_word' id='word_1_207' title='bbox 360 2450 427 2502; x_wconf 80' lang='grc' dir='ltr'><em>τὰ</em></span> <span class='ocrx_word' id='word_1_208' title='bbox 479 2445 580 2518; x_wconf 74' lang='grc' dir='ltr'><em>μὲν</em></span> <span class='ocrx_word' id='word_1_209' title='bbox 628 2448 899 2519; x_wconf 82' lang='grc' dir='ltr'><em>ἀνήκεστα</em></span> <span class='ocrx_word' id='word_1_210' title='bbox 950 2451 1211 2518; x_wconf 88' lang='grc' dir='ltr'><em>κολάσας,</em></span> <span class='ocrx_word' id='word_1_211' title='bbox 1264 2452 1330 2504; x_wconf 80' lang='grc' dir='ltr'><em>τὰ</em></span> <span class='ocrx_word' id='word_1_212' title='bbox 1382 2448 1443 2504; x_wconf 77' lang='grc' dir='ltr'><em>δὲ</em></span> <span class='ocrx_word' id='word_1_213' title='bbox 1490 2452 1655 2504; x_wconf 79' lang='grc' dir='ltr'><em>λοιπὰ</em></span> <span class='ocrx_word' id='word_1_214' title='bbox 1703 2453 1893 2515; x_wconf 82' lang='grc' dir='ltr'><em>σώζων</em></span> 
     </span>
     <span class='ocr_line' id='line_1_28' title="bbox 192 2537 452 2609; baseline 0.008 -2"><span class='ocrx_word' id='word_1_215' title='bbox 192 2537 452 2609; x_wconf 50' lang='grc' dir='ltr'><em>ἑμαυτςόἐ</em></span> 
     </span>
    </p>

    <p class='ocr_par' dir='ltr' id='par_1_3' title="bbox 190 2624 1964 2963">
     <span class='ocr_line' id='line_1_29' title="bbox 303 2624 1893 2699; baseline 0.001 -21"><span class='ocrx_word' id='word_1_216' title='bbox 303 2626 503 2695; x_wconf 79' lang='lat'>&lt;351&gt;</span> <span class='ocrx_word' id='word_1_217' title='bbox 563 2628 701 2695; x_wconf 91' lang='grc' dir='ltr'><em>πρὸς</em></span> <span class='ocrx_word' id='word_1_218' title='bbox 767 2625 919 2681; x_wconf 86' lang='grc' dir='ltr'><em>ταῦτ’</em></span> <span class='ocrx_word' id='word_1_219' title='bbox 971 2627 1364 2699; x_wconf 89' lang='grc' dir='ltr'><em>ἀποκρίνονται</em></span> <span class='ocrx_word' id='word_1_220' title='bbox 1420 2626 1607 2690; x_wconf 80' lang='grc' dir='ltr'><em>δεξιὰν</em></span> <span class='ocrx_word' id='word_1_221' title='bbox 1663 2624 1764 2696; x_wconf 73' lang='grc' dir='ltr'><em>μὲν</em></span> <span class='ocrx_word' id='word_1_222' title='bbox 1820 2627 1893 2695; x_wconf 87' lang='grc' dir='ltr'><em>μὴ</em></span> 
     </span>
     <span class='ocr_line' id='line_1_30' title="bbox 194 2711 1895 2786; baseline 0.001 -19"><span class='ocrx_word' id='word_1_223' title='bbox 194 2716 476 2769; x_wconf 87' lang='grc' dir='ltr'><em>δύνασθαι</em></span> <span class='ocrx_word' id='word_1_224' title='bbox 523 2711 651 2786; x_wconf 88' lang='grc' dir='ltr'><em>παρ’</em></span> <span class='ocrx_word' id='word_1_225' title='bbox 691 2716 864 2770; x_wconf 85' lang='grc' dir='ltr'><em>αὐτοῦ</em></span> <span class='ocrx_word' id='word_1_226' title='bbox 912 2720 1132 2786; x_wconf 88' lang='grc' dir='ltr'><em>λαβεῖν,</em></span> <span class='ocrx_word' id='word_1_227' title='bbox 1180 2714 1528 2785; x_wconf 88' lang='grc' dir='ltr'><em>ὀμωμοκέναι</em></span> <span class='ocrx_word' id='word_1_228' title='bbox 1575 2717 1681 2785; x_wconf 80' lang='grc' dir='ltr'><em>γὰρ</em></span> <span class='ocrx_word' id='word_1_229' title='bbox 1729 2714 1895 2784; x_wconf 87' lang='grc' dir='ltr'><em>μηδέ-</em></span> 
     </span>
     <span class='ocr_line' id='line_1_31' title="bbox 190 2802 1964 2876; baseline 0 -20"><span class='ocrx_word' id='word_1_230' title='bbox 190 2822 321 2858; x_wconf 90' lang='grc' dir='ltr'><em>ποτε</em></span> <span class='ocrx_word' id='word_1_231' title='bbox 362 2812 524 2858; x_wconf 88' lang='grc' dir='ltr'><em>τοῦτο</em></span> <span class='ocrx_word' id='word_1_232' title='bbox 565 2806 845 2873; x_wconf 91' lang='grc' dir='ltr'><em>ποιήσειν·</em></span> <span class='ocrx_word' id='word_1_233' title='bbox 885 2804 1080 2869; x_wconf 80' lang='grc' dir='ltr'><em>ἔξοδον</em></span> <span class='ocrx_word' id='word_1_234' title='bbox 1120 2802 1170 2858; x_wconf 90' lang='grc' dir='ltr'><em>δ’</em></span> <span class='ocrx_word' id='word_1_235' title='bbox 1213 2803 1449 2876; x_wconf 79' lang='grc' dir='ltr'><em>ᾐτοῦντο</em></span> <span class='ocrx_word' id='word_1_236' title='bbox 1487 2805 1580 2857; x_wconf 81' lang='grc' dir='ltr'><em>διὰ</em></span> <span class='ocrx_word' id='word_1_237' title='bbox 1612 2812 1712 2858; x_wconf 88' lang='grc' dir='ltr'><em>τοῦ</em></span> <span class='ocrx_word' id='word_1_238' title='bbox 1743 2822 1895 2872; x_wconf 87' lang='grc' dir='ltr'><em>περι-</em></span> <span class='ocrx_word' id='word_1_239' title='bbox 1921 2825 1964 2856; x_wconf 86' lang='lat'><em>30</em></span> 
     </span>
     <span class='ocr_line' id='line_1_32' title="bbox 192 2889 1895 2963; baseline 0.001 -19"><span class='ocrx_word' id='word_1_240' title='bbox 192 2897 536 2963; x_wconf 86' lang='grc' dir='ltr'><em>τειχίσματος</em></span> <span class='ocrx_word' id='word_1_241' title='bbox 575 2894 710 2962; x_wconf 77' lang='grc' dir='ltr'><em>μετὰ</em></span> <span class='ocrx_word' id='word_1_242' title='bbox 747 2903 1031 2960; x_wconf 82' lang='grc' dir='ltr'><em>γυναικῶν</em></span> <span class='ocrx_word' id='word_1_243' title='bbox 1070 2893 1160 2947; x_wconf 88' lang='grc' dir='ltr'><em>καὶ</em></span> <span class='ocrx_word' id='word_1_244' title='bbox 1199 2893 1431 2947; x_wconf 61' lang='grc' dir='ltr'><em>τέκνων</em></span> <span class='ocrx_word' id='word_1_245' title='bbox 1490 2889 1895 2947; x_wconf 76' lang='grc' dir='ltr'><em>ἀπελεύσεσθαι</em></span> 
     </span>
    </p>
   </div>
  </div>
 </body>
</html>
