2032 3128
239 83 309 135 96
659 84 784 126 ΤΟΤ
814 84 1156 126 ΙΟΤΔΑΙΚΟΤ
1186 84 1496 126 ΠΟΛΕΜΟΥ

237 216 601 285 ὑπερηφάνως
653 215 987 286 ἐφθέγγετο,
1040 215 1132 270 καὶ
1184 218 1281 270 τὸν
1332 218 1559 287 ἄριστον
1609 217 1793 272 αὐτῶν
1843 220 1920 282 εἰς

237 307 579 373 μονομαχίαν
619 309 996 374 προυκαλεῖτο.
1072 306 1253 374 <170>
1289 314 1401 358 τῶν
1441 304 1503 359 δὲ
1541 307 1708 376 ταύτῃ
1748 324 1920 377 παρα-

236 391 579 462 τεταγμένων
627 394 685 446 οἱ
726 392 922 447 πολλοὶ
969 390 1071 462 μὲν
1121 393 1542 464 ὑπερηφάνουν,
1588 390 1731 462 ἦσαν
1771 392 1820 447 δ’
1868 397 1926 448 οἳ

236 482 371 534 κατὰ
410 483 470 534 τὸ
511 482 656 544 εἰκὸς
702 481 1077 535 ἐδεδοίκεσαν·
1139 482 1337 550 ἥπτετό
1378 502 1437 550 γε
1477 482 1586 550 μὴν
1625 491 1792 535 τινῶν
1831 480 1922 535 καὶ

237 571 498 638 λογισμὸς
537 569 638 623 οὐκ
683 569 972 639 ἀσύνετος,
1021 575 1337 624 θανατῶντι
1376 571 1448 639 μὴ
1489 569 1920 639 συμπλέκεσθαι·
1960 593 1988 626 -5

236 658 420 727 <171>
459 660 589 720 τοὺς
637 659 740 727 γὰρ
789 658 1170 726 ἀπεγνωκότας
1215 659 1315 727 τὴν
1362 662 1636 728 σωτηρίαν
1684 659 1795 727 ἅμα
1831 657 1923 712 καὶ

237 747 332 809 τὰς
372 747 545 815 ὁρμὰς
591 745 950 815 ἀταμιεύτους
997 748 1143 816 ἔχειν
1190 744 1282 799 καὶ
1333 748 1393 798 τὸ
1435 751 1593 800 θεῖον
1633 745 1924 815 ἀδυσώπη-

237 854 361 903 τον,
408 837 470 888 τό
509 854 564 887 τε
611 835 1066 904 παραβάλλεσθαι
1114 836 1252 904 πρὸς
1291 834 1387 897 οὓς
1425 833 1516 887 καὶ
1555 837 1617 888 τὸ
1656 842 1818 888 νικᾶν
1857 834 1924 888 οὐ

238 922 375 991 μέγα
415 921 506 975 καὶ
554 921 667 991 μετ’
717 924 980 993 αἰσχύνης
1026 924 1087 976 τὸ
1128 927 1430 992 λειφθῆναι
1469 925 1774 994 σφαλερόν,
1824 921 1927 976 οὐκ

237 1010 495 1082 ἀνδρείας
543 1010 682 1064 ἀλλὰ
733 1013 1081 1082 θρασύτητος
1129 1008 1287 1065 εἶναι.
1364 1012 1546 1081 <172>
1593 1012 1830 1081 μηδενὸς
1869 1007 1918 1063 δ’
1951 1035 1993 1067 10

238 1098 326 1152 ἐπὶ
375 1102 517 1154 πολὺ
568 1102 889 1170 προϊόντος,
943 1098 1035 1152 καὶ
1081 1107 1180 1153 τοῦ
1222 1097 1498 1154 Ἰουδαίου
1544 1100 1721 1154 πολλὰ
1766 1118 1927 1152 κατα-

237 1197 638 1257 κερτομοῦντος
685 1188 886 1250 αὐτοὺς
932 1190 1012 1250 εἰς
1058 1189 1271 1241 δειλίαν
1319 1186 1556 1260 (ἀλαζὼν
1594 1188 1698 1258 γάρ
1738 1208 1819 1250 τις
1855 1184 1927 1256 ἦν

239 1276 403 1339 αὐτὸς
441 1278 660 1347 σφόδρα
698 1275 790 1330 καὶ
821 1286 931 1329 τῶν
963 1274 1244 1345 Ῥωμαίων
1283 1275 1660 1348 ὑπερήφανος)
1701 1277 1930 1344 Πούδης

238 1385 318 1427 τις
359 1366 558 1434 ὄνομα,
604 1373 716 1418 τῶν
765 1364 820 1429 ἐξ
869 1369 988 1433 ἴλης
1035 1363 1268 1434 ἱππέων,
1315 1363 1718 1434 βδελυξάμενος
1757 1364 1928 1418 αὐτοῦ

237 1453 304 1505 τά
349 1473 407 1506 τε
454 1453 667 1523 ῥήματα
706 1452 796 1506 καὶ
836 1456 897 1507 τὸ
939 1454 1185 1516 αὔθαδες
1234 1454 1414 1522 <173>
1455 1453 1699 1524 (εἰκάσας
1738 1450 1798 1506 δὲ
1837 1450 1929 1505 καὶ
1953 1477 1998 1510 15

237 1542 376 1611 πρὸς
414 1542 516 1609 τὴν
555 1543 868 1611 βραχύτητα
897 1550 1006 1595 τοῦ
1044 1539 1293 1611 σώματος
1324 1541 1494 1595 αὐτὸν
1526 1539 1930 1612 ἀπερισκέπτως

237 1628 573 1701 ἐπαρθῆναι)
619 1632 895 1702 προπηδᾷ.
972 1628 1062 1683 καὶ
1102 1631 1168 1683 τά
1215 1627 1317 1700 μὲν
1363 1631 1502 1683 ἄλλα
1550 1638 1747 1700 περιῆν
1795 1645 1930 1698 συμ-

236 1719 444 1787 βαλών,
483 1720 776 1789 προυδόθη
819 1717 869 1772 δ’
908 1718 1015 1772 ὑπὸ
1055 1727 1151 1788 τῆς
1189 1720 1375 1790 τύχης·
1415 1722 1655 1773 πεσόντα
1693 1720 1799 1789 γὰρ
1832 1718 1930 1771 αὐ-

236 1811 334 1860 τὸν
374 1807 402 1861 ὁ
436 1805 707 1877 Ἰωνάθης
746 1808 1083 1878 ἀποσφάττει
1113 1809 1501 1878 προσδραμών.
1549 1809 1730 1877 <174>
1762 1803 1924 1860 ἔπειτ’

238 1893 428 1964 ἐπιβὰς
474 1903 548 1967 τῷ
596 1904 775 1967 νεκρῷ
821 1899 884 1950 τό
923 1916 981 1949 τε
1021 1895 1182 1966 ξίφος
1231 1894 1552 1968 ᾑμαγμένον
1590 1895 1801 1950 ἀνέσειε
1841 1894 1932 1949 καὶ
1956 1921 1999 1953 20

236 1991 301 2052 τῇ
342 1988 471 2055 λαιᾷ
509 1985 608 2037 τὸν
646 1988 884 2055 θυρεόν,
933 1984 1235 2054 ἐπηλάλαξέ
1268 2005 1326 2039 τε
1365 1994 1429 2056 τῇ
1470 1992 1698 2057 στρατιᾷ
1735 1985 1932 2053 πολλά,

236 2070 329 2124 καὶ
383 2075 520 2143 πρὸς
573 2075 670 2127 τὸν
725 2076 966 2128 πεσόντα
1018 2075 1310 2144 κομπάζων
1365 2073 1456 2128 καὶ
1510 2076 1639 2137 τοὺς
1689 2074 1933 2144 ὁρῶντας

227 2157 529 2229 Ῥωμαίους
562 2160 944 2232 ἐπισκώπτων,
983 2164 1167 2233 <175>
1191 2163 1294 2227 ἕως
1317 2164 1488 2217 αὐτὸν
1520 2162 1933 2233 ἀνασκιρτῶντα

235 2246 328 2300 καὶ
368 2247 675 2320 ματᾴζοντα
708 2254 955 2321 Πρῖσκός
985 2272 1067 2315 τις
1098 2250 1494 2322 ἑκατοντάρχης
1523 2251 1784 2316 τοξεύσας
1815 2252 1934 2320 διή-

236 2341 368 2390 λασε
402 2336 564 2406 βέλει.
615 2341 753 2406 πρὸς
786 2340 814 2393 ὃ
848 2350 960 2394 τῶν
991 2360 1048 2394 τε
1075 2339 1364 2395 Ἰουδαίων
1395 2339 1487 2394 καὶ
1518 2350 1629 2394 τῶν
1653 2339 1934 2409 Ῥωμαίων
1958 2362 2002 2395 25

235 2427 447 2495 κραυγὴ
501 2426 816 2498 συνεξήρθη
871 2431 1156 2500 διάφορος.
1234 2430 1434 2498 <176>
1487 2429 1516 2482 ὃ
1571 2426 1631 2482 δὲ
1682 2427 1935 2498 δινηθεὶς

237 2514 296 2567 ἐκ
346 2523 457 2567 τῶν
508 2514 841 2584 ἀλγηδόνων
889 2518 976 2571 ἐπὶ
1024 2520 1085 2572 τὸ
1139 2527 1296 2587 σῶμα
1334 2526 1435 2571 τοῦ
1473 2520 1742 2587 πολεμίου
1781 2514 1935 2570 κατέ-

233 2619 431 2672 πεσεν,
483 2604 768 2674 ὠκυτάτην
820 2605 1110 2676 ἀποφήνας
1161 2605 1222 2660 ἐν
1268 2604 1490 2679 πολέμῳ
1537 2606 1638 2674 τὴν
1686 2603 1773 2658 ἐπὶ
1820 2614 1936 2668 τοῖς

234 2691 449 2760 ἀλόγως
488 2693 782 2763 εὐτυχοῦσι
821 2693 1061 2764 νέμεσιν.

174 2780 207 2832 3
346 2782 528 2850 <177>
575 2783 634 2835 οἱ
676 2780 726 2835 δ’
765 2782 872 2836 ἀνὰ
919 2786 979 2836 τὸ
1029 2784 1181 2854 ἱερὸν
1221 2781 1542 2837 στασιασταὶ
1583 2792 1838 2853 φανερῶς
1876 2781 1925 2835 τ’
1953 2805 1998 2837 30

236 2869 337 2921 οὐκ
377 2869 605 2924 ἀνίεσαν
651 2873 781 2935 τοὺς
829 2870 916 2925 ἐπὶ
955 2881 1068 2926 τῶν
1106 2872 1376 2943 χωμάτων
1417 2872 1752 2942 στρατιώτας
1792 2871 1930 2953 ἀμυ-
