2032 3128
758 113 969 155 ΛΟΓΟΣ
999 113 1110 154 Am
1122 113 1317 155 ΤΕΡοΣ
1771 111 1880 163 275

199 249 382 299 ἔδωκε.
458 247 627 315 ταύτῃ
666 255 916 299 συνεῖναι
955 247 1044 298 δεῖ
1081 247 1178 299 τὸν
1217 248 1464 315 γήμαντα
1503 249 1668 318 μόνῃ,
1717 249 1778 300 τὸ
1820 244 1881 299 δὲ

197 336 297 402 τὴν
336 336 508 387 ἄλλου
551 341 746 402 πειρᾶν
785 334 1038 387 ἀνόσιον·
1086 335 1138 386 εἰ
1182 332 1248 386 δέ
1288 353 1369 397 τις
1406 343 1569 388 τοῦτο
1606 334 1879 405 πράξειεν,

197 425 426 491 οὐδεμία
479 422 730 475 θανάτου
777 425 1126 491 παραίτησις,
1183 418 1303 476 οὔτ’
1340 425 1392 475 εἰ
1443 424 1691 492 βιάσαιτο
1744 441 1879 492 παρ-

194 509 367 564 θένον
416 509 581 582 ἑτέρῳ
624 509 1183 580 προωμολογημένην,
1230 507 1349 564 οὔτ’
1388 513 1440 564 εἰ
1481 515 1683 565 πείσειε
1723 531 1880 580 γεγα-

150 620 169 650 5
194 599 456 669 μημένην.
550 598 744 667 <202>
801 597 962 651 τέκνα
1016 597 1241 667 τρέφειν
1299 600 1513 652 ἅπαντα
1565 598 1880 668 προσέταξε,

193 687 283 742 καὶ
338 685 589 756 γυναιξὶν
644 686 835 739 ἀπεῖπε
890 684 1015 755 μήτ’
1063 686 1313 755 ἄμβλοῦν
1367 689 1429 740 τὸ
1483 684 1691 756 σπαρὲν
1746 690 1878 756 μήτε

195 779 545 846 διαφθείρειν
598 776 736 844 ἄλλῃ
791 782 1029 844 μηχανῇ·
1085 778 1440 838 τεκνοκτόνος
1493 776 1598 843 γὰρ
1653 775 1722 828 ἂν
1777 781 1878 844 εἴη,

193 866 375 936 ψυχὴν
408 864 750 932 ἀφανίζουσα
788 862 878 916 καὶ
909 865 970 916 τὸ
1011 862 1171 931 γένος
1207 862 1518 917 ἐλαττοῦσα.
1580 873 1878 932 τοιγαροῦν

192 960 248 1007 εἴ
277 973 361 1016 τις
400 951 487 1005 ἐπὶ
526 950 719 1021 λέχους
756 953 982 1020 φθορὰν
1019 950 1312 1020 παρέλθοι,
1350 954 1596 1020 καθαρὸς
1635 948 1778 1004 εἶναι
1811 952 1878 1005 οὐ

125 1061 166 1091 10
192 1043 439 1094 δύναται.
517 1038 698 1107 (203)
745 1033 780 1109 ᾗ
828 1038 918 1091 καὶ
965 1041 1099 1107 μετὰ
1147 1041 1248 1108 τὴν
1293 1042 1532 1108 νόμιμον
1572 1044 1878 1093 συνουσίαν

191 1131 395 1196 ἀνδρὸς
439 1127 530 1181 καὶ
578 1129 838 1195 γυναικὸς
891 1127 1312 1181 άπολούσασθαι
1361 1129 1570 1181 κελεύει
1617 1129 1646 1182 ὁ
1695 1132 1877 1198 νόμος.

189 1226 368 1287 ψυχῆς
413 1237 469 1270 τε
517 1218 621 1284 γὰρ
667 1215 758 1269 καὶ
806 1217 1054 1285 σώματος
1101 1215 1412 1284 ἐγγίγνεται
1466 1220 1747 1285 μολυσμὸς
1802 1218 1875 1280 ὡς

188 1310 326 1376 πρὸς
365 1307 539 1373 ἄλλην
586 1306 772 1375 χώραν
810 1305 1229 1373 ὑποβαλόντων·
1277 1304 1368 1358 καὶ
1412 1306 1516 1374 γὰρ
1556 1305 1876 1375 ἐμφυομένη

189 1397 402 1464 σώμασι
449 1399 758 1447 κακοπαθεῖ
798 1394 831 1462 ἡ
879 1395 1052 1463 ψυχή,
1106 1391 1195 1445 καὶ
1235 1394 1447 1446 τούτων
1486 1389 1558 1446 αὖ
1596 1394 1764 1447 πάλιν
1804 1395 1878 1457 ὡς

123 1504 162 1534 15
187 1483 413 1551 θανάτῳ
462 1484 826 1551 διακριθεῖσα.
906 1483 995 1535 διό
1042 1499 1144 1550 περ
1193 1481 1415 1548 ἁγνείας
1462 1480 1547 1534 ἐπὶ
1587 1490 1722 1535 πᾶσι
1759 1492 1877 1545 τοῖς

186 1573 458 1634 τοιούτοις
495 1570 842 1641 προσέταξεν.

296 1660 478 1727 <2Ο4>
519 1660 586 1711 οὐ
626 1661 736 1728 μὴν
768 1656 887 1712 οὐδ’
920 1657 1008 1712 ἐπὶ
1041 1668 1158 1721 ταῖς
1195 1667 1305 1711 τῶν
1337 1660 1552 1711 παίδων
1591 1658 1874 1726 γενέσεσιν

185 1748 478 1816 ἐπέτρεψεν
526 1747 754 1816 εὐωχίας
800 1748 1063 1815 συνάγειν
1109 1746 1200 1800 καὶ
1244 1747 1547 1816 προφάσεις
1591 1754 1875 1800 ποιεῖσθαι

183 1837 381 1906 μέθης,
435 1836 575 1889 ἀλλὰ
622 1837 885 1905 σώφρονα
931 1837 1034 1905 τὴν
1081 1835 1258 1906 ἀρχὴν
1305 1835 1479 1898 εὐθὺς
1523 1842 1619 1903 τῆς
1666 1844 1875 1906 τροφῆς

116 1947 159 1978 20
184 1924 350 1993 ἔταξε,
389 1924 479 1978 καὶ
520 1926 807 1994 γράμματα
845 1926 1133 1978 παιδεύειν
1173 1923 1443 1992 ἐκέλευσε,
1484 1927 1615 1994 περί
1649 1943 1706 1977 τε
1745 1927 1875 1987 τοὺς

182 2017 390 2083 νόμους
424 2012 870 2082 ἀναστρέφεσθαι
909 2012 998 2066 καὶ
1039 2023 1148 2066 τῶν
1186 2015 1482 2083 προγόνων
1520 2013 1617 2075 τὰς
1653 2012 1874 2082 πράξεις

182 2103 527 2171 ἐπίστασθαι,
570 2103 665 2164 τὰς
703 2099 804 2170 μὲν
835 2103 927 2155 ἴνα
967 2111 1258 2171 μιμῶνται,
1299 2111 1414 2164 τοῖς
1445 2098 1494 2154 δ’
1522 2101 1614 2154 ἵνα
1647 2114 1872 2171 συντρε-

180 2194 414 2260 φόμενοι
450 2194 580 2260 μήτε
612 2193 995 2260 παραβαίνωσι
1037 2192 1168 2259 μήτε
1201 2198 1404 2259 σκῆψιν
1437 2189 1663 2258 ἀγνοίας
1694 2191 1871 2258 ἔχωσι.

291 2279 473 2348 <205>
520 2287 614 2347 τῆς
657 2277 710 2332 δ’
742 2281 819 2342 εἰς
865 2282 993 2342 τοὺς
1038 2281 1486 2346 τετελευτηκότας
1523 2280 1871 2347 προυνόησεν

112 2390 153 2421 25
181 2368 334 2431 ὁσίας
389 2369 513 2422 οὔτε
568 2372 944 2431 πολυτελείαις
999 2367 1276 2437 ένταφίων
1331 2368 1458 2420 οὔτε
1515 2376 1872 2429 κατασκευαῖς

178 2461 459 2526 μνημείων
508 2456 823 2526 ἐπιφανῶν,
877 2457 1016 2509 ἀλλὰ
1062 2457 1128 2510 τὰ
1177 2453 1278 2525 μὲν
1323 2454 1449 2525 περὶ
1494 2457 1595 2524 τὴν
1642 2456 1870 2523 κηδείαν

177 2544 472 2615 προσέταξε
528 2554 642 2608 τοῖς
697 2545 1053 2608 οἰκειοτάτοις
1105 2545 1399 2613 ἐπιτελεῖν,
1453 2551 1585 2597 πᾶσι
1641 2541 1702 2596 δὲ
1756 2554 1870 2607 τοῖς

175 2642 436 2703 παριοῦσι
482 2634 838 2702 θαπτομένου
886 2636 1035 2695 τινὸς
1080 2633 1171 2686 καὶ
1219 2638 1516 2687 συνελθεῖν
1562 2631 1652 2685 καὶ
1700 2647 1867 2685 συνα-

140 2724 529 2790 »ποδύρασθαι
585 2722 804 2791 ἐποίησε
858 2726 1124 2791 νόμιμον,
1178 2726 1470 2788 καθαίρειν
1518 2718 1578 2774 δὲ
1632 2719 1723 2774 καὶ
1768 2722 1865 2774 τὸν

108 2832 151 2864 30
176 2809 331 2865 οἶκον
370 2810 460 2864 καὶ
500 2813 629 2874 τοὺς
668 2811 1020 2873 ἐνοικοῦντας
1059 2810 1165 2865 ἀπὸ
1204 2812 1435 2879 κήδους,
1477 2810 1570 2862 ἵνα
1608 2814 1867 2863 πλεῖστον

175 2900 345 2971 ἀπέχῃ
370 2907 470 2953 τοῦ
496 2902 684 2953 δοκεῖν
714 2902 959 2968 καθαρὸς
991 2895 1141 2952 εἶναί
1167 2919 1250 2962 τις
1275 2901 1455 2968 φόνον
1482 2897 1864 2967 ἐργασάμενος.

1512 2985 1597 3029 18*

1907 1673 1962 1712 25

1903 2293 1959 2332 26
