2032 3128
687 109 898 152 ΛΟΓΟΣ
929 108 1231 151 ΠΕΜΠΤΟΣ
1732 106 1758 156 1
1770 106 1797 157 1

119 244 403 312 χρώμενοι.
480 241 626 310 (79)
670 242 903 310 μάλιστα
950 238 1012 294 δὲ
1056 243 1185 303 τοὺς
1234 240 1295 293 ἐν
1335 242 1454 294 ἔθει
1493 241 1800 304 συντάξεως

110 333 282 392 ’ὄντας
325 329 416 383 καὶ
464 331 598 398 μετά
643 333 855 399 κόσμου
901 327 992 382 καὶ
1030 329 1499 399 παραγγελμάτων
1538 333 1801 398 πολεμεῖν

117 420 332 481 εἰδότας
379 418 566 482 ἀταξία
614 419 878 487 φθάσασα
923 421 1175 487 θορυβεῖ.
1253 420 1341 471 διὸ
1380 415 1471 471 καὶ
1508 420 1627 471 τότε
1666 435 1800 487 προ-

117 506 427 575 ληφθέντες
466 507 524 560 015
553 505 807 575 Ῥωμαῖοι
844 517 962 569 ταῖς
1001 506 1259 575 ἐμβολαῖς
1297 502 1470 559 εἶκον·
1532 507 1676 575 <8Ο>
1708 504 1799 559 καὶ

73 616 94 649 5
117 596 279 649 ὁπότε
317 593 418 664 μὲν
457 595 844 664 ἐπιστραφεῖεν
882 596 942 649 οἶ
981 598 1555 663 καταλαμβανόμενοι,
1602 603 1702 648 τοῦ
1741 614 1797 648 τε

116 685 327 753 δρόμου
381 687 510 747 τοὺς
556 682 863 747 Ἰουδαίους
917 683 1137 753 ἐπεῖχον
1190 682 1281 736 καὶ
1330 685 1422 736 διὰ
1471 685 1572 752 τὴν
1621 684 1798 752 ὁρμὴν

114 769 278 840 ἦττον
324 771 773 842 φυλαττομένους
811 772 1166 843 ἐτίτρωσκον,
1215 772 1298 825 ἀεὶ
1340 769 1401 825 δὲ
1438 773 1800 840 πληθυούσης

113 868 209 929 τῆς
239 860 510 930 ἐκδρομῆς
547 866 758 930 μᾶλλον
789 864 1181 930 ταραττόμενοι
1212 865 1529 914 τελευταῖον
1560 859 1666 913 ἀπὸ
1698 867 1799 912 τοῦ

113 948 488 1018 στρατοπέδου
525 948 833 1019 τρέπονται.
897 950 1042 1017 <81>
1082 947 1172 1002 καὶ
1198 950 1354 1002 δοκεῖ
1372 946 1484 1002 τότ’
1516 947 1586 1001 ἂν
1609 949 1799 1001 κινδυ-

47 1059 89 1091 ιο
113 1046 306 1091 νεῦσαι
336 1039 397 1090 τὸ
429 1038 607 1106 τάγμα
644 1045 772 1106 πᾶν,
810 1039 863 1090 εί
899 1039 972 1106 μὴ
1012 1041 1169 1101 Τίτος
1207 1034 1480 1106 ἀγγελθὲν
1520 1036 1667 1108 αὐτῷ
1707 1037 1799 1088 διὰ

111 1126 310 1197 τάχους
347 1126 704 1195 ἐπεβοήθησε.
743 1124 836 1179 καὶ
867 1125 1024 1180 πόλλ’
1065 1127 1342 1190 ὀνειδίσας
1372 1128 1451 1188 εἰς
1489 1125 1798 1195 ἀνανδρίαν

111 1213 421 1285 ἐπιστρέφει
467 1211 568 1283 μὲν
614 1217 745 1278 τοὺς
789 1216 1122 1284 φεύγοντας,
1171 1215 1317 1284 <82>
1364 1214 1528 1276 αὐτὸς
1566 1210 1628 1266 δὲ
1665 1218 1799 1266 πλα-

108 1306 252 1370 γίοις
290 1313 405 1366 τοῖς
438 1301 730 1366 Ἰουδαίοις
767 1305 1095 1372 προσπεσὼν
1135 1302 1262 1372 μεθ’
1307 1298 1387 1356 ὧν
1425 1299 1558 1371 ἧκεν
1590 1301 1797 1355 ἐπιλέκ-

109 1410 221 1444 των
259 1394 501 1461 συχνοὺς
540 1389 642 1461 μὲν
680 1392 921 1462 ἀναιρεῖ,
972 1394 1258 1463 τιτρώσκει
1299 1389 1361 1445 δὲ
1398 1394 1645 1460 πλείους,
1684 1390 1799 1461 τρέ-

44 1501 88 1534 15
109 1497 268 1533 πεται
322 1478 384 1533 δὲ
436 1481 644 1544 πάντας
695 1479 788 1534 καὶ
848 1487 1100 1534 συνωθεῖ
1149 1482 1284 1534 κατὰ
1344 1489 1441 1550 τῆς
1500 1481 1797 1550 φάραγγος.

109 1569 253 1638 <83>
293 1572 350 1622 οἳ
379 1567 426 1622 δ’
468 1569 529 1622 ἐν
560 1577 635 1642 τῷ
667 1571 919 1623 κατάντει
949 1572 1126 1624 πολλὰ
1156 1569 1518 1639 κακωθέντες,
1557 1570 1631 1632 ὡς
1663 1569 1799 1633 διεξ-

109 1656 367 1727 έπαισαν,
414 1659 674 1728 ἄντικρυς
722 1658 1165 1729 ἐπιστρέφονται,
1212 1657 1303 1711 καὶ
1359 1657 1534 1727 μέσην
1584 1660 1799 1728 ἔχοντες

106 1748 208 1816 τὴν
246 1747 531 1816 χαράδραν
570 1756 685 1810 τοῖς
715 1745 999 1817 Ῥωμαίοις
1039 1749 1381 1817 διεμάχοντο.

217 1835 364 1904 <84>
404 1836 562 1906 μέχρι
593 1833 695 1905 μὲν
727 1838 796 1906 δὴ
830 1836 997 1906 μέσης
1026 1836 1231 1906 ἡμέρας
1262 1837 1437 1899 οὕτως
1468 1834 1796 1904 ἐπολέμουν

6 1936 11 1937 ’
40 1945 83 1977 20
107 1923 300 1992 ὀλίγον
333 1922 385 1977 δ’
420 1924 528 1978 ἀπὸ
560 1929 900 1996 μεσημβρίας
930 1926 1279 1989 ἐκκλίνοντος
1308 1927 1435 1995 ἤδη,
1481 1927 1639 1988 Τίτος
1669 1926 1799 1987 τοὺς

106 2010 232 2092 μεθ’
279 2010 482 2067 ἑαυτοῦ
513 2018 1047 2084 προσβοηθήσαντας
1077 2013 1168 2068 καὶ
1199 2017 1329 2078 τοὺς
1366 2014 1473 2068 ἀπὸ
1503 2023 1615 2067 τῶν
1648 2027 1797 2066 σπει-

106 2110 222 2169 ρῶν
258 2112 373 2165 τοῖς
411 2101 762 2173 ἐκτρέχουσιν
809 2103 1246 2168 ἀντιπαρατάξας
1283 2105 1344 2156 τὸ
1385 2104 1582 2156 λοιπὸν
1620 2103 1798 2171 τάγμα

104 2192 244 2259 πρὸς
303 2191 401 2243 τὸν
462 2194 745 2261 τειχισμὸν
807 2191 1117 2262 ἀνέπεμπεν
1170 2194 1249 2255 εἰς
1308 2194 1411 2261 τὴν
1473 2191 1795 2262 ἀκρώρειαν.

105 2279 252 2347 <85>
285 2277 577 2343 Ἰουδαίοις
616 2278 678 2333 δὲ
716 2279 862 2334 τοῦτ’
904 2281 1083 2335 ἐδόκει
1113 2284 1290 2351 φυγή,
1329 2279 1423 2334 καὶ
1453 2289 1554 2335 τοῦ
1586 2287 1797 2334 σκοποῦ

37 2387 82 2419 25
105 2371 530 2431 κατασείσαντος
574 2370 897 2439 θοίμάτιον,
951 2370 1012 2432 ὃς
1065 2370 1253 2433 αὐτοῖς
1303 2369 1392 2424 ἐπὶ
1437 2378 1537 2423 τοῦ
1583 2371 1798 2439 τείχους

101 2461 370 2525 καθῆστο,
408 2459 736 2528 προπηδῶσι
773 2463 991 2527 πλῆθος
1022 2458 1498 2530 ἀκραιφνέστατον
1537 2459 1670 2528 μετὰ
1709 2478 1797 2511 το-

104 2545 307 2614 σαύτης
346 2546 518 2615 ὁρμῆς
556 2547 631 2610 ὡς
667 2549 767 2601 τὸν
808 2548 1019 2617 δρόμον
1059 2548 1246 2601 αὐτῶν
1284 2557 1400 2610 τοῖς
1438 2547 1798 2615 ἀγριωτάτοις

102 2633 334 2698 εἰκάζειν
379 2638 618 2706 θηρίοις.
695 2636 841 2705 <86>
888 2635 1076 2706 ἀμέλει
1125 2646 1238 2690 τῶν
1289 2634 1796 2707 ἀντιπαραταχθέν-

101 2740 214 2774 των
253 2722 438 2787 οὐδεὶς
476 2726 655 2794 ἔμεινε
695 2727 798 2794 τὴν
838 2724 1104 2795 ἐμβολήν,
1145 2724 1266 2779 ἀλλ’
1312 2727 1496 2794 ὥσπερ
1536 2725 1591 2789 ἐξ
1632 2725 1797 2795 ὀργά-

34 2833 79 2864 30
102 2830 207 2864 νου
245 2814 537 2881 παιόμενοι
577 2812 871 2885 διέρρηξαν
916 2815 1020 2883 τὴν
1065 2813 1221 2878 τάξιν
1259 2812 1351 2868 καὶ
1389 2815 1527 2883 πρὸς
1565 2807 1626 2867 τὸ
1668 2815 1798 2884 ὄρος

101 2899 397 2969 τραπέντες
441 2899 771 2970 ἀνέφευγον.
847 2902 992 2971 <87>
1041 2905 1284 2955 λείπεται
1332 2899 1381 2954 δ’
1431 2901 1492 2954 ἐν
1531 2900 1680 2974 μέσῳ
1720 2908 1795 2973 τῷ
