2032 3128
690 95 901 137 ΛΟΓΟΣ
931 94 1220 136 ΕΒΔοΜοΣ
1688 91 1785 142 137

107 231 212 288 θος
250 228 466 295 ὥρμητο
506 235 617 280 τῶν
650 223 958 295 Ἰουδαίων,
999 227 1058 280 ἐν
1096 234 1171 298 τῷ
1209 227 1399 296 τάχιον
1432 225 1676 289 ἐκείνους
1712 246 1791 279 τι-

108 318 287 385 μωρίᾳ
338 318 656 383 περιβαλεῖν
710 316 810 383 τὴν
864 315 1047 368 αὑτῶν
1101 316 1338 383 πατρίδα
1392 316 1583 379 σώζειν
1636 317 1792 382 νομί-

111 405 304 465 ζοντες.
381 402 539 472 <50>
585 401 862 474 Ἀντίοχος
908 401 969 456 δὲ
1015 402 1398 472 προσεπέτεινε
1448 404 1550 470 τὴν
1600 403 1794 471 ὀργήν,

107 488 230 557 περὶ
277 486 378 558 μὲν
424 497 519 557 τῆς
565 492 737 543 αὑτοῦ
777 495 1105 559 μεταβολῆς,
1151 488 1244 542 καὶ
1289 496 1389 540 τοῦ
1437 487 1794 556 μεμισηκέναι

64 578 172 630 5τά
219 586 330 630 τῶν
371 575 662 630 Ἰουδαίων
710 579 840 646 ἔθη,
894 579 1191 645 τεκμήριον
1237 575 1494 644 παρέχειν
1541 578 1796 644 οἰόμενος

107 667 168 718 τὸ
219 664 473 718 ἐπιθύειν
514 666 694 733 ὥσπερ
742 668 911 733 νόμος
957 663 1071 717 ἐστὶ
1122 674 1235 726 τοῖς
1267 663 1554 733 ’Ἕλλησιν
1633 663 1794 733 <51>

109 751 323 806 ἐκέλευε
364 751 425 806 δὲ
465 752 556 806 καὶ
603 756 732 814 τοὺς
773 754 978 815 ἄλλους
1015 752 1182 805 ταύτὸ
1223 761 1406 805 ποιεῖν
1445 752 1793 820 ἀναγκάζειν·

107 844 386 908 φανεροὺς
432 841 536 910 γὰρ
584 842 920 908 γενήσεσθαι
965 849 1039 911 τῷ
1089 841 1161 909 μὴ
1208 839 1399 893 θέλειν
1445 842 1574 902 τοὺς
1616 841 1795 910 ἐπιβε-

106 931 489 997 βουλευκότας.
566 927 865 997 χρωμένων
913 925 974 981 δὲ
1023 936 1087 997 τῇ
1127 931 1289 1000 πείρᾳ
1327 938 1437 981 τῶν
1470 926 1796 998 Ἀντιοχέων

39 1038 83 1070 10
106 1017 285 1084 ὀλίγοι
324 1014 426 1085 μὲν
464 1015 785 1085 ὑπέμειναν,
825 1017 884 1070 οἱ
918 1013 979 1070 δὲ
1010 1017 1083 1085 μὴ
1120 1016 1492 1086 βουληθέντες
1523 1016 1796 1086 ἀνῃρέθη-

107 1118 225 1158 σαν.
282 1105 428 1174 <52>
455 1102 732 1174 Ἀντίοχος
763 1102 824 1158 δὲ
850 1106 1182 1174 στρατιώτας
1212 1106 1359 1173 παρὰ
1391 1114 1492 1158 τοῦ
1516 1103 1795 1180 Ῥωμαίων

105 1193 376 1262 ἡγεμόνος
424 1194 612 1262 λαβὼν
658 1195 892 1263 χαλεπὸς
930 1192 1237 1263 ἐφειστήκει
1276 1203 1392 1257 τοῖς
1430 1194 1602 1247 αὑτοῦ
1640 1198 1796 1247 πολί-

105 1302 248 1350 ταις,
288 1281 481 1350 ἀργεῖν
519 1283 622 1350 τὴν
662 1281 906 1351 ἑβδόμην
939 1282 1040 1335 οὐκ
1072 1281 1399 1350 ἐπιτρέπων,
1437 1282 1577 1336 ἀλλὰ
1615 1285 1796 1351 βιαζό-

105 1390 270 1439 μενος
307 1372 487 1424 πάντα
525 1372 786 1440 πράττειν
819 1371 922 1424 ὅσα
955 1372 1022 1440 δὴ
1056 1370 1146 1424 καὶ
1178 1381 1295 1434 ταῖς
1326 1372 1518 1434 ἄλλαις
1555 1370 1795 1440 ἡμέραις.

38 1479 81 1512 15
107 1459 252 1528 <53>
292 1459 437 1513 οὕτω
484 1479 542 1513 τε
587 1461 689 1529 τὴν
735 1459 981 1528 ἀνάγκην
1031 1461 1264 1529 ἰσχυρὰν
1313 1459 1569 1529 ἐποίησεν
1609 1460 1683 1522 ὡς
1721 1460 1795 1528 μὴ

104 1550 280 1616 μόνον
321 1547 403 1601 ἐπ’
439 1547 774 1617 Ἀντιοχείας
813 1552 1196 1617 καταλυθῆναι
1239 1549 1338 1616 τὴν
1379 1547 1661 1617 ἑβδομάδα
1701 1548 1794 1617 ἀρ-

102 1645 223 1704 γεῖν
270 1634 509 1706 ἡμέραν,
559 1635 676 1690 ἀλλ’
726 1636 944 1690 ἐκεῖθεν
990 1635 1300 1706 ἀρξαμένου
1341 1646 1440 1690 τοῦ
1479 1637 1797 1707 πράγματος

101 1724 207 1777 κάν
246 1734 364 1787 ταῖς
410 1727 601 1788 ἄλλαις
646 1728 876 1779 πόλεσιν
917 1725 1120 1794 ὁμοίως
1157 1727 1373 1796 βραχύν
1410 1746 1534 1779 τινα
1573 1727 1794 1795 χρόνον.

214 1813 358 1881 <54>
409 1815 678 1867 τοιούτων
726 1815 794 1882 δὴ
842 1823 958 1877 τοῖς
1005 1812 1085 1867 ἐπ’
1140 1818 1465 1884 Αντιοχείας
1499 1812 1796 1878 Ἰουδαίοις
1826 1831 1855 1869 4

7 1941 12 1943 -
37 1924 80 1956 20
104 1911 216 1954 τῶν
247 1899 365 1954 κατ’
403 1901 618 1955 ἐκεῖνον
650 1904 748 1955 τὸν
787 1903 983 1972 καιρὸν
1014 1911 1199 1957 κακῶν
1230 1901 1630 1972 γεγενημένων,
1672 1905 1821 1959 δευ-,

101 1988 229 2059 τέρα
276 1990 444 2042 πάλιν
485 1991 744 2060 συμφορὰ
782 1990 1112 2062 προσέπεσε,
1151 1989 1277 2061 περὶ
1318 1987 1379 2059 ἧς
1419 1991 1796 2062 ἐπιχειρήσαν-

102 2098 190 2140 τες
221 2077 562 2147 ἀφηγεῖσθαι
593 2078 684 2132 καὶ
716 2088 885 2133 ταῦτα
919 2080 1300 2148 διεξήλθομεν.
1357 2080 1501 2148 <55>
1541 2079 1656 2134 ἐπεὶ
1689 2082 1793 2150 γὰρ

102 2165 309 2236 συνέβη
350 2173 806 2237 καταπρησθῆναι
837 2169 939 2237 τὴν
971 2168 1319 2236 τετράγωνον
1355 2168 1565 2239 ἀγορὰν
1605 2169 1796 2240 ἀρχεῖά

99 2275 157 2308 τε
197 2254 289 2308 καὶ
329 2258 894 2326 γραμματοφυλάκιον
932 2255 1024 2310 καὶ
1063 2258 1159 2320 τὰς
1198 2257 1504 2325 βασιλικάς,
1543 2261 1701 2327 μόλις
1739 2278 1796 2311 τε

32 2366 76 2398 25
101 2345 162 2397 τὸ
202 2353 313 2414 πῦρ
354 2345 608 2415 ἐκωλύθη
650 2347 783 2415 μετὰ
820 2350 1028 2414 πολλῆς
1066 2349 1190 2415 βίας
1230 2338 1322 2399 ἐπὶ
1350 2354 1532 2399 πᾶσαν
1566 2349 1666 2416 τὴν
1697 2350 1796 2400 πό-

99 2437 190 2485 λιν
229 2437 690 2503 περιφερόμενον,
729 2435 934 2502 ταύτην
968 2432 1248 2505 Ἀντίοχος
1286 2436 1389 2503 τὴν
1424 2434 1624 2504 πρᾶξιν
1658 2433 1795 2488 Ἰου-

99 2523 274 2574 δαίων
313 2525 625 2592 κατηγόρει,
663 2523 808 2590 <56>
849 2521 940 2575 καὶ
978 2525 1108 2586 τοὺς
1142 2521 1463 2593 Ἀντιοχεῖς,
1502 2525 1554 2576 εἰ
1590 2522 1681 2576 καὶ
1721 2525 1794 2592 μὴ

96 2613 369 2681 πρότερον
409 2608 560 2680 εἶχον
598 2613 736 2679 πρὸς
775 2611 978 2674 αὐτοὺς
1010 2611 1284 2681 ἀπεχθῶς,
1322 2612 1549 2681 τάχιστα
1580 2619 1644 2681 τῆ
1678 2612 1797 2664 δια-

96 2701 234 2775 βολῇ
266 2700 414 2769 παρὰ
446 2700 547 2768 τὴν
579 2699 639 2753 ἐκ
670 2708 768 2753 τοῦ
802 2703 1212 2770 συμβεβηκότος
1242 2702 1487 2770 ταραχὴν
1517 2699 1796 2769 ὑπαχθέν-

29 2807 74 2839 30
97 2807 193 2849 τας
246 2790 390 2841 πολὺ
447 2793 658 2858 μᾶλλον
713 2788 774 2841 ἐκ
827 2798 938 2842 τῶν
995 2787 1475 2859 προϋπηργμένων
1527 2798 1644 2852 τοῖς
1698 2784 1790 2841 ὑπ’

96 2875 270 2929 αὐτοῦ
317 2877 635 2946 λεγομένοις
680 2878 960 2931 πιστεύειν
1009 2879 1447 2947 παρεσκεύασεν,
1499 2878 1573 2940 ὡς
1618 2880 1795 2946 μόνον
