2032 3128
711 123 920 165 ΛοΓοΣ
952 122 1272 165 ΠΡοΤΕΡοΣ
1728 121 1838 174 235

157 257 346 317 θάνως
420 254 829 324 μετατέθεικεν·
901 253 1222 324 (Ὀσαρσίφ’
1283 257 1389 325 γάρ
1455 271 1627 325 φησιν
1690 256 1838 309 (ἐκα-

159 343 338 397 λεῖτο.’
407 351 571 397 τοῦτο
611 341 713 413 μὲν
744 340 848 398 οὖν
879 345 958 406 εἰς
994 344 1096 412 τὴν
1135 344 1432 412 μετάθεσιν
1468 345 1569 398 οὐκ
1608 344 1839 413 ἐναρμό-

160 436 258 500 ζει,
312 433 373 485 τὸ
428 429 477 484 δ’
520 429 725 500 ἀληθὲς
778 434 954 501 ὄνομα
1007 433 1172 501 δηλοῖ
1220 434 1319 486 τὸν
1374 433 1433 486 ἐκ
1485 441 1584 486 τοῦ
1637 433 1839 495 ὕδατος

157 519 409 574 σωθέντα
458 520 786 590 [Μωυσῆν]·
836 523 898 574 τὸ
946 521 1050 590 γὰρ
1096 521 1250 590 ὕδωρ
1298 522 1357 574 οἱ
1398 523 1672 590 Αίγύπτοι
1719 531 1840 590 μῶυ·

108 630 134 662 5
155 612 433 662 καλοῦσιν.

266 697 448 764 <287>
503 697 704 759 ἱκανῶς
764 693 868 750 οὖν
922 695 1210 764 γεγονέναι
1263 701 1466 766 νομίζω
1529 699 1839 766 κατάδηλον

156 785 239 837 ὅτι
276 786 587 853 Μανεθών,
634 784 735 847 ἕως
781 782 882 853 μὲν
919 786 1220 853 ἠκολούθει
1257 795 1375 848 ταῖς
1421 786 1671 856 ἀρχαίαις
1708 787 1839 839 ἀνα-

154 882 413 943 γραφαῖς,
463 872 531 925 οὐ
577 875 720 926 πολὺ
767 880 862 941 τῆς
908 873 1173 940 ἀληθείας
1212 874 1602 943 διημάρτανεν,
1650 873 1738 927 ἐπὶ
1778 872 1838 927 δὲ

154 964 282 1023 τοὺς
319 961 655 1023 ἀδεσπότους
694 962 912 1029 μύθους
949 964 1289 1030 τραπόμενος
1325 961 1359 1030 ἢ
1400 962 1711 1030 συνέθηκεν
1743 963 1838 1015 αὐ-

83 1073 129 1103 10
152 1052 281 1112 τοὺς
321 1048 612 1112 ἀπιθάνως
650 1051 684 1118 ἤ
723 1064 832 1102 τισι
872 1059 983 1102 τῶν
1020 1052 1159 1118 πρὸς
1197 1049 1500 1119 ἀπέχθειαν
1538 1053 1839 1122 εἰρηκότων

154 1137 485 1191 ἐπίστευσεν.

261 1227 442 1294 (288)
487 1227 619 1295 μετὰ
658 1235 857 1280 τοῦτον
898 1227 1142 1290 ἐξετάσαι
1188 1230 1458 1298 βούλομαι
1500 1231 1838 1298 Χαιρήμονα.

150 1313 241 1367 καὶ
280 1316 385 1383 γὰρ
426 1312 587 1379 οὗτος
619 1317 1002 1384 Αἰγυπτιακὴν
1041 1317 1272 1385 φάσκων
1313 1318 1561 1384 ἱστορίαν
1601 1318 1839 1385 συγγρά-

151 1423 299 1471 φειν,
344 1402 436 1456 καὶ
481 1402 712 1472 προθεὶς
750 1404 915 1458 ταύτὸ
960 1406 1136 1473 ὄνομα
1171 1413 1274 1464 ,τοῦ
1321 1403 1590 1474 βασιλέως
1634 1404 1767 1473 ὅπερ
1809 1405 1838 1459 ὁ

83 1515 127 1546 15
150 1494 455 1560 Μανεθών,
498 1490 824 1562 Ἀμένωφιν,
871 1491 963 1546 καὶ
1008 1495 1107 1547 τὸν
1145 1494 1272 1546 υἱὸν
1310 1493 1484 1547 αὐτοῦ
1522 1491 1838 1563 Ῥαμέσσην,

149 1581 330 1648 <289>
368 1579 540 1649 φησὶν
579 1581 664 1633 ὅτι
710 1582 848 1634 κατὰ
887 1584 1016 1644 τοὺς
1053 1581 1265 1644 ὕπνους
1303 1581 1336 1649 ἡ
1374 1575 1506 1644 Ἶσις
1545 1581 1722 1651 ἐφάνη
1762 1589 1837 1653 τῷ

143 1666 472 1738 Ἀμενώφει,
529 1669 852 1739 μεμφομένη
908 1670 1077 1723 αὐτὸν
1125 1670 1209 1723 ὅτι
1252 1672 1314 1723 τὸ
1368 1671 1518 1739 ἱερὸν
1565 1670 1734 1739 αὐτῆς
1779 1670 1838 1723 ἐν

148 1765 223 1829 τῷ
263 1757 484 1830 πολέμῳ
523 1756 902 1812 κατέσκαπται.
971 1758 1354 1828 Φριτιφάντην
1393 1757 1442 1811 δ’
1476 1759 1839 1828 ἱερογραμμα-

147 1846 242 1899 τέα
281 1846 480 1915 φάναι,
524 1845 621 1899 ἐὰν
660 1856 772 1899 τῶν
810 1849 940 1910 τοὺς
978 1849 1296 1916 μολυσμοὺς
1335 1846 1576 1917 ἐχόντων
1615 1846 1839 1915 ἀνδρῶν

12 1932 16 1934 ”
78 1959 125 1990 20
149 1936 369 2006 καθήρῃ
416 1936 517 2004 τὴν
560 1940 864 2003 Αἴγυπτον,
913 1937 1227 1989 παύσεσθαι
1274 1944 1371 2004 τῆς
1415 1940 1606 1998 πτοίας
1653 1936 1838 1989 αὐτόν,

149 2024 330 2091 <29Ο>
384 2022 704 2088 ἐπιλέξαντα
760 2021 821 2077 δὲ
868 2034 979 2077 τῶν
1027 2024 1291 2078 ε’πισινῶν
1338 2025 1612 2093 μυριάδας
1648 2021 1838 2079 ἐἴκοσι

148 2112 307 2165 πέντε
348 2112 616 2181 ἐκβαλεῖν.
684 2113 944 2181 ἡγεῖσθαι
985 2111 1032 2166 δ’
1067 2112 1251 2166 αὐτῶν
1286 2111 1634 2182 γραμματέας
1663 2116 1839 2167 Μωυ-

149 2208 253 2269 σῆν
313 2221 369 2253 τε
440 2199 530 2254 καὶ
592 2197 883 2269 Ἰώσηπον,
951 2199 1042 2254 καὶ
1112 2210 1311 2255 τοῦτον
1375 2200 1837 2270 ἱερογραμματέα·

152 2291 426 2357 Αἰγύπτια
478 2285 528 2342 δ’
566 2290 754 2352 αὐτοῖς
807 2289 1052 2358 ὀνόματα
1106 2286 1275 2358 εἶναι,
1329 2297 1404 2362 τῷ
1454 2286 1556 2359 μὲν
1604 2292 1843 2342 Μωυσεῖ

77 2400 124 2432 25
157 2377 404 2446 Τισιθέν,
443 2386 518 2449 τῷ
560 2375 621 2432 δὲ
652 2376 898 2450 Ἰωσήπῳ
939 2380 1215 2447 Πετεσήφ.
1291 2378 1473 2447 <291>
1512 2379 1742 2440 τούτους
1781 2375 1830 2430 δ’

148 2469 225 2528 εἰς
256 2468 583 2536 Πηλούσιον
615 2467 806 2520 ἐλθεῖν
839 2465 931 2519 καὶ
970 2467 1245 2536 ἐπιτυχεῖν
1277 2468 1506 2536 μυριάσι
1545 2467 1839 2537 τριάκοντα

148 2556 288 2608 ὀκτὼ
346 2554 863 2624 καταλελειμμέναις
919 2556 1028 2609 ὑπὸ
1082 2564 1182 2609 τοῦ
1231 2553 1596 2625 Ἀμενώφιος,
1654 2555 1718 2618 ἃς
1771 2555 1838 2609 οὐ

142 2643 338 2697 θέλειν
377 2650 456 2708 εἰς
494 2646 595 2713 τὴν
628 2650 914 2712 Αἴγυπτον
953 2645 1317 2714 διακομίζειν·
1357 2637 1439 2707 οἷς
1477 2647 1670 2714 φιλίαν
1708 2658 1840 2697 συνο

133 2731 419 2801 θεμένους
474 2732 561 2787 ἐπὶ
604 2734 709 2801 τὴν
757 2739 1042 2801 Αἴγυπτον
1090 2741 1432 2800 στρατεῦσαι.
1510 2733 1693 2800 <292>
1739 2733 1839 2786 τὸν

6 2829 10 2832 ⁴
75 2841 124 2875 ³0
149 2818 211 2873 δὲ
245 2816 554 2892 Ἀμένωφιν
594 2822 694 2892 οὐχ
733 2822 1108 2890 ὑπομείναντα
1147 2823 1248 2891 τὴν
1288 2823 1499 2890 ἔφοδον
1538 2820 1721 2874 αὐτῶν
1761 2822 1840 2884 εἰς

146 2912 456 2964 Αἰθιοπίαν
502 2920 722 2980 φυγεῖν,
773 2912 1143 2964 καταλιπόντα
1188 2911 1289 2979 τὴν
1335 2919 1572 2979 γυναῖκα
1620 2911 1840 2978 ἔγκυον,

1872 1241 1926 1279 32
