2032 3128
220 89 291 140 90
641 90 765 131 TOT
795 89 1134 131 IOTAAIKOT
1165 89 1473 130 ΠΟΛΕΜΟΥ

216 221 306 276 καὶ
344 222 668 291 προύκοψαν
712 224 789 284 εἰς
827 230 1092 275 τοσοῦτον
1138 224 1479 291 παρανομιάς
1518 216 1681 289 ὥσθ’,
1719 221 1789 290 ἣν
1826 220 1898 274 ἂν

219 311 362 372 εἰκὸς
400 306 470 378 ἧν
509 309 881 379 ἀγανάκτησιν
926 307 1189 377 γενέσθαι
1221 307 1509 363 Ἰουδαίων
1559 312 1611 363 ει’
1645 309 1898 378 Ῥωμαῖοι

216 395 367 450 ταῦτ’
408 396 739 466 ἐξυβρίζοιεν
778 399 856 460 εἰς
895 397 1127 465 αὐτούς,
1173 397 1380 463 ταύτην
1418 394 1559 450 εἶναι
1598 398 1744 466 παρὰ
1775 395 1899 449 Ῥω-

220 489 399 554 μαίων
444 487 564 538 τότε
614 487 752 554 πρὸς
794 481 1098 548 Ἰουδαίους
1147 484 1484 553 ἀσεβοῦντας
1528 487 1605 547 εἰς
1653 486 1718 537 τὰ
1770 486 1898 538 ἴδια.

217 574 399 643 <123>
450 583 562 627 τῶν
613 573 712 642 μέν
763 594 823 642 γε
876 583 1223 642 στρατιωτῶν
1273 573 1374 627 οὐκ
1430 575 1578 626 ἔστιν
1632 574 1781 635 ὅστις
1830 573 1897 626 οὐ
1942 594 1963 627 5

217 663 350 731 μετὰ
403 666 603 732 φρίκης
655 664 735 725 εἰς
788 664 885 716 τὸν
938 663 1076 716 ναὸν
1133 661 1357 731 ἀφεώρα
1411 660 1502 715 καὶ
1555 662 1900 733 προσεκύνει,

217 751 346 813 τούς
384 770 441 803 τε
489 751 689 820 λῃστὰς
734 751 931 820 ηὔχετο
971 748 1104 818 πρὶν
1143 748 1446 819 ἀνηκέστου
1485 750 1704 811 πάθους
1742 769 1900 819 μετα-

218 845 429 906 νοῆσαι.
508 839 697 907 <124>
738 841 955 909 Καῖσαρ
1009 836 1057 892 δ’
1107 838 1504 906 ὑπερπαθήσας
1556 839 1723 891 πάλιν
1774 837 1901 903 ἐξω-

217 927 415 990 νείδιζε
447 929 575 989 τοὺς
604 925 730 996 περὶ
761 929 859 980 τὸν
888 925 1181 996 Ἰωάννην,
1221 926 1398 995 λέγων
1438 922 1549 997 (ἀρ’
1591 927 1691 996 οὐχ
1728 927 1902 996 ὑμεῖς,

217 1009 259 1066 ὦ
316 1016 678 1084 μιαρώτατοι,
739 1018 837 1070 τὸν
892 1017 1210 1085 δρύφακτον
1263 1023 1462 1070 τοῦτον
1514 1015 1901 1083 προυβάλεσθε
1928 1037 1972 1068 10

216 1111 327 1155 τῶν
367 1102 565 1171 ἀγίων;
621 1103 802 1172 <125>
848 1104 947 1174 οὐχ
987 1105 1144 1173 ὑμεῖς
1184 1101 1245 1157 δὲ
1283 1105 1379 1167 τὰς
1418 1104 1478 1157 ἐν
1516 1104 1663 1175 αὐτῷ
1705 1105 1904 1171 στήλας

218 1192 565 1260 διεστήσατε,
615 1192 928 1261 γράμμασιν
970 1191 1309 1260 Ἑλληνικοῖς
1353 1191 1444 1245 καὶ
1490 1191 1773 1262 ἡμετέροις
1817 1213 1904 1246 κε-

215 1278 585 1349 χαραγμένας,
630 1301 663 1332 α
703 1279 915 1349 μηδένα
953 1282 1014 1334 τὸ
1054 1283 1264 1349 γείσιον
1304 1281 1659 1349 ὑπερβαίνειν
1697 1301 1904 1352 παραγ-

217 1367 419 1435 γέλλει;
484 1368 664 1438 <126>
716 1368 816 1438 οὐχ
871 1368 1026 1438 ημεις
1081 1366 1143 1422 δε
1195 1371 1325 1432 τοὺς
1379 1368 1722 1438 ὑπερβάντας
1771 1371 1906 1438 ὑμῖν

217 1454 464 1524 ἀναιρειν
497 1455 887 1527 ἐπετρέψαμεν,
918 1458 1022 1510 καν
1046 1456 1328 1526 Ρωμαίων
1359 1476 1440 1520 τις
1471 1451 1528 1528 ῂ;
1569 1460 1628 1510 τί
1647 1453 1751 1512 οὗν
1777 1465 1904 1527 νῦν,
1930 1479 1972 1511 15

217 1543 510 1614 ἀλιτήριοι,
547 1543 638 1598 καὶ
670 1548 904 1615 νεκροὺς
936 1546 996 1599 ἐν
1029 1546 1175 1598 αὐτω
1210 1555 1589 1611 καταπατειτε;
1629 1549 1687 1598 τί
1715 1543 1775 1598 δὲ
1807 1547 1904 1599 τὸν

216 1634 355 1685 ναὸν
405 1633 590 1701 αἵματι
641 1633 777 1706 ξένῳ
828 1633 920 1687 καὶ
971 1634 1215 1707 ἐγχωρίῳ
1261 1635 1487 1706 φύρετε;
1550 1635 1731 1703 <127>
1771 1654 1905 1704 μαρ-

216 1723 450 1792 τύρομαι
489 1725 660 1786 θεοὺς
699 1722 804 1791 ἐγὼ
844 1726 1132 1794 πατρίους,
1179 1721 1270 1776 καὶ
1312 1728 1369 1776 εἴ
1403 1743 1484 1786 τις
1523 1722 1738 1793 ἐφεώρα
1775 1721 1907 1777 ποτὲ

216 1813 377 1865 τόνδε
417 1815 513 1867 τὸν
551 1822 735 1882 χῶρον
778 1811 909 1882 (νῦν
948 1809 1049 1881 μὲν
1089 1813 1193 1883 γὰρ
1229 1812 1332 1866 οὐκ
1364 1809 1593 1883 οἴομαι),
1633 1812 1907 1882 μαρτύρο-

217 1921 312 1970 μαι
368 1899 428 1954 δὲ
483 1900 573 1954 καὶ
628 1901 890 1970 στρατιὰν
940 1902 1043 1970 τὴν
1094 1900 1231 1970 ἐμὴν
1282 1898 1372 1953 καὶ
1422 1902 1551 1963 τοὺς
1600 1897 1729 1968 παρ’
1786 1898 1908 1969 ἐμοὶ
1931 1923 1976 1954 20

209 1987 517 2053 Ἰουδαίους
555 1988 646 2043 καὶ
685 1989 827 2058 ὑμᾶς
865 1990 1091 2058 αὐτούς,
1130 1989 1312 2058 <128>
1345 1989 1418 2052 ὡς
1449 1988 1551 2042 οὐκ
1591 1987 1697 2057 ἐγὼ
1737 1985 1899 2042 ταῦθ’

214 2077 356 2147 ὑμᾶς
379 2078 663 2148 ἀναγκάζω
697 2082 958 2148 μιαίνειν,
997 2077 1101 2131 κᾶν
1133 2077 1398 2147 ἀλλάξητε
1429 2085 1524 2146 τῆς
1561 2075 1909 2146 παρατάξεως

215 2169 313 2220 τὸν
335 2170 525 2235 τόπον,
559 2168 683 2220 οὔτε
707 2168 1139 2236 προσελεύσεταί
1168 2187 1250 2229 τις
1271 2165 1553 2235 Ῥωμαίων
1583 2175 1699 2229 τοῖς
1729 2165 1909 2234 ἁγίοις

217 2253 332 2308 οὔτ’
359 2254 623 2325 ἐνυβριεῖ,
647 2258 867 2326 τηρήσω
893 2253 955 2309 δὲ
979 2257 1078 2309 τὸν
1101 2258 1240 2310 ναὸν
1263 2256 1399 2324 ὑμῖν
1423 2253 1514 2308 καὶ
1539 2255 1613 2324 μὴ
1637 2253 1907 2309 θέλουσιῖ

325 2345 508 2413 <129>
547 2353 719 2398 ταῦτα
764 2353 864 2398 τοῦ
904 2343 1173 2413 Ἰωσήπου
1226 2341 1650 2413 διαγγέλλοντος
1699 2343 1758 2396 ἐκ
1809 2352 1909 2397 τοῦ
1932 2364 1977 2397 25

213 2435 521 2502 Καίσαρος,
572 2434 631 2486 015
666 2432 859 2502 λῃσταὶ
897 2432 985 2486 καὶ
1030 2433 1058 2486 ὁ
1099 2435 1371 2503 τύραννος
1412 2432 1514 2486 οὐκ
1554 2429 1644 2485 ἀπ’
1688 2432 1911 2494 εὐνοίας

213 2520 352 2574 ἀλλὰ
389 2522 527 2575 κατὰ
568 2522 781 2574 δειλίαν
821 2525 1115 2589 γίγνεσθαι
1145 2523 1242 2584 τὰς
1270 2523 1639 2590 παρακλήσεις
1678 2521 1911 2574 δοκοῦν-

213 2630 300 2673 τες
353 2610 770 2681 ὑπερηφάνουν.
847 2611 1045 2679 <130>
1110 2614 1270 2673 Τίτος
1320 2608 1373 2662 δ’
1424 2610 1497 2672 ὡς
1551 2607 1665 2663 οὔτ’
1724 2604 1911 2661 οἶκτον

214 2696 427 2752 ἑαυτῶν
458 2701 588 2761 τοὺς
618 2699 828 2769 ἄνδρας
859 2699 986 2752 οὔτε
1019 2699 1196 2768 φειδώ
1237 2718 1360 2751 τινα
1398 2706 1500 2752 τοῦ
1538 2704 1681 2750 ναοῦ
1719 2714 1911 2751 ποιου-

213 2786 414 2855 μένους
453 2785 614 2857 ἑώρα,
653 2786 821 2840 πάλιν
852 2789 989 2855 πρὸς
1019 2790 1265 2856 πόλεμον
1297 2788 1447 2839 ἄκων
1481 2785 1689 2856 ἐχώρει.
1728 2784 1911 2854 <li-31>
1934 2807 1979 2838 30

210 2883 393 2928 πᾶσαν
434 2872 535 2944 μὲν
575 2871 680 2929 οὖν
718 2876 819 2944 τὴν
860 2876 1102 2944 δύναμιν
1150 2875 1375 2943 ἐπάγειν
1417 2874 1605 2937 αὐτοῖς
1645 2874 1746 2944 οὐχ
1788 2866 1911 2927 οἶόν
