2032 3128
369 465 545 527 TOT
587 464 1076 527 IOTAAIKOT
1117 463 1564 527 ΠΟΛΕΜΟΥ

646 608 888 663 ΛΟΓΟΣ
927 607 1304 693 ΠΕΥΜΠΤΟΣ.
1480 558 1483 560 ¹

244 830 352 899 <1>
395 829 454 883 Ὁ
507 828 606 900 μὲν
658 826 761 884 οὖν
824 833 978 893 Τίτος
1028 830 1093 883 ὃν
1149 833 1552 900 προειρήκαμεν
1605 832 1812 900 τρόπον
1848 834 1877 886 l

134 919 425 980 διοδεύσας
471 919 572 987 τὴν
619 916 756 988 ὑπὲρ
798 919 1083 986 Αἰγύπτου
1132 916 1288 988 μέχρι
1327 921 1539 987 Συρίας
1586 917 1815 988 ἐρημίαν

132 1009 209 1070 εἰς
260 1007 600 1077 Καισάρειαν
653 1014 866 1076 παρῆν,
919 1007 1087 1075 ταύτῃ
1145 1007 1456 1074 διεγνωκὼς
1508 1006 1816 1074 προσυντά-

134 1095 335 1159 ξασθαι
374 1096 467 1158 τὰς
499 1095 782 1163 δυνάμεις·
833 1095 941 1164 <2>
974 1097 1051 1147 ἔτι
1085 1091 1135 1147 δ’
1176 1095 1346 1148 αὐτοῦ
1378 1095 1512 1147 κατὰ
1542 1096 1644 1163 τὴν
1669 1091 1817 1148 Ἀλε-

86 1202 107 1233 5
133 1184 424 1253 ξάνδρειαν
473 1182 989 1252 συγκαθισταμένου
1037 1190 1110 1254 τῷ
1159 1181 1323 1252 πατρὶ
1368 1184 1470 1252 τὴν
1516 1183 1816 1252 ἡγεμονίαν

130 1272 261 1326 νέον
317 1273 504 1335 αὐτοῖς
559 1271 1035 1343 ἐγκεχειρισμένην
1079 1271 1187 1326 ὑπὸ
1234 1279 1334 1325 τοῦ
1387 1277 1557 1340 θεοῦ,
1611 1270 1816 1340 συνέβη

131 1360 222 1413 καὶ
252 1362 354 1428 τὴν
387 1361 448 1414 ἐν
478 1371 592 1424 τοῖς
616 1359 1021 1431 Ἱεροσολύμοις
1053 1360 1246 1413 στάσιν
1283 1359 1675 1430 ἀνακμάσασαν
1706 1380 1819 1430 τρι-

132 1458 267 1519 μερῆ
301 1448 564 1517 γενέσθαι
595 1448 686 1502 καὶ
721 1447 847 1502 καθ’
897 1449 1069 1502 αὑτοῦ
1099 1449 1341 1515 θάτερον
1374 1448 1696 1519 ἐπιστρέψαι
1728 1447 1819 1517 μέ-

132 1558 251 1607 ρος,
292 1538 425 1606 ὅπερ
464 1539 533 1591 ἄν
573 1558 653 1600 τις
684 1539 756 1600 ὡς
790 1537 850 1591 ἐν
889 1545 1075 1601 κακοῖς
1114 1536 1331 1605 ἀγαθὸν
1363 1543 1508 1591 εἴποι
1539 1535 1631 1590 καὶ
1664 1538 1820 1606 δίκης

6 1648 12 1652 ·
65 1644 107 1676 10
133 1628 312 1694 ἔργον.
364 1626 482 1694 <3>
520 1627 554 1695 ἡ
595 1623 696 1695 μὲν
734 1628 838 1695 γὰρ
878 1627 1014 1679 κατὰ
1052 1634 1152 1680 τοῦ
1193 1627 1373 1694 δήμου
1413 1635 1524 1679 τῶν
1566 1629 1817 1695 ζηλωτῶν

132 1714 405 1783 ἐπίθεσις,
451 1715 588 1784 ἥπερ
628 1714 892 1785 κατῆρξεν
933 1714 1185 1777 ἁλώσεως
1223 1722 1286 1784 τῇ
1327 1717 1508 1781 πόλει,
1547 1716 1819 1785 προδεδή-

132 1809 301 1858 λωται
348 1799 461 1874 μετ’
506 1803 786 1874 ἀκριβείας
826 1804 963 1857 ὅθεν
1004 1801 1051 1856 τ’
1098 1805 1205 1872 ἔφυ
1245 1802 1336 1856 καὶ
1375 1806 1512 1873 πρὸς
1550 1803 1686 1857 ὅσον
1724 1823 1819 1856 κα-

131 1895 232 1947 κὸν
273 1892 581 1962 ἀνηυξήθη·
622 1892 730 1961 <4>
769 1893 972 1960 ταύτην
1013 1890 1061 1944 δ’
1104 1892 1206 1963 οὐκ
1245 1891 1315 1944 ἂν
1355 1891 1588 1961 ἁμάρτοι
1626 1911 1707 1954 τις
1746 1893 1820 1944 εί-

130 1982 251 2034 πὼν
300 1981 487 2034 στάσει
533 1981 728 2034 στάσιν
780 1979 1136 2050 ἐγγενέσθαι,
1186 1979 1278 2034 καὶ
1325 1981 1576 2049 καθάπερ
1615 1983 1822 2048 θηρίον

66 2085 107 2118 15
133 2075 407 2139 λυττῆσαν
453 2069 638 2142 ἐνδείᾳ
684 2079 794 2123 τῶν
842 2069 1050 2135 ἔξωθεν
1092 2068 1179 2123 ἐπὶ
1218 2070 1314 2132 τὰς
1362 2070 1506 2132 ἰδίας
1543 2070 1649 2138 ἤδη
1692 2068 1822 2138 σάρ-

131 2178 228 2221 κας
267 2158 457 2228 ὁρμᾶν.

242 2247 351 2316 <5>
385 2246 703 2317 Ἐλεάζαρος
741 2249 846 2317 γὰρ
887 2248 915 2302 ὁ
956 2255 1056 2301 τοῦ
1095 2250 1380 2317 Σίμωνος,
1420 2246 1480 2309 ὃς
1518 2247 1586 2314 δὴ
1626 2244 1718 2299 καὶ
1757 2246 1822 2299 τὰ

130 2345 321 2405 πρῶτα
360 2344 460 2389 τοῦ
501 2338 679 2406 δήμου
720 2339 849 2399 τοὺς
897 2337 1133 2404 ζηλωτὰς
1171 2334 1477 2403 ἀπέστησεν
1515 2337 1594 2398 εἰς
1635 2337 1696 2388 τὸ
1735 2333 1819 2388 τέ-

131 2444 297 2493 μενος
360 2426 433 2487 ὡς
494 2425 820 2493 ἀγανακτῶν
883 2427 1059 2494 δῆθεν
1114 2423 1202 2478 ἐπὶ
1254 2433 1370 2487 τοῖς
1426 2423 1692 2494 ὁσημέραι
1742 2430 1834 2495 τῷ

65 2510 358 2584 2οἸωάννῃ
391 2517 763 2583 τολμωμένοις
797 2513 888 2582 (οὐ
921 2514 1025 2583 γὰρ
1058 2513 1361 2567 ἀνεπαύετο
1395 2522 1588 2582 φονῶν
1621 2508 1822 2583 οὗτος),

131 2603 192 2654 τὸ
226 2600 276 2654 δ’
316 2599 523 2671 ἀληθὲς
558 2603 732 2656 αὑτοῦ
773 2602 1207 2675 μεταγενεστέρῳ
1241 2602 1496 2674 τυράννῳ
1529 2602 1602 2670 μὴ
1634 2598 1823 2670 φέρων

130 2689 527 2760 ὑποτετάχθαι,
582 2693 742 2762 πόθῳ
798 2699 909 2743 τῶν
965 2691 1110 2744 ὅλων
1160 2689 1253 2744 καὶ
1304 2691 1631 2751 δυναστείας
1681 2689 1825 2751 ἰδίας

133 2776 402 2851 ἐπιθυμίᾳ
457 2781 753 2848 διίσταται,
810 2778 919 2849 <6>
969 2781 1305 2848 παραλαβὼν
1346 2778 1563 2845 Ἰούδην
1617 2797 1674 2830 τε
1724 2778 1823 2830 τὸν

134 2869 336 2919 Χελκία
374 2866 466 2920 καὶ
505 2871 739 2937 Σίμωνα
779 2870 876 2922 τὸν
909 2865 1176 2938 Ἐζρῶνος
1215 2877 1326 2921 τῶν
1367 2868 1648 2934 δυνατῶν,
1687 2866 1826 2935 πρὸς

219 2962 430 2995 ΙοεΕΡΗσΒ.
457 2963 523 2995 VI.
1473 2959 1495 2996 1
