2032 3128
244 100 347 152 158
669 105 795 146 TOT
825 105 1166 148 IOTAAIKOT
1197 107 1507 148 ΠΟΛΕΜΟΥ

238 233 329 287 καὶ
368 235 472 304 γὰρ
513 235 545 303 ἡ
590 239 888 304 γειτνίασις
926 247 1036 290 τῶν
1073 236 1347 307 βασιλέων
1387 238 1559 293 ἐποίει
1597 241 1659 292 τὸ
1698 248 1920 311 πρᾶγμα

237 325 483 391 μείζονος
535 323 689 388 ἄξιον
735 329 1011 396 προνοίας.
1095 327 1275 396 <224>
1331 328 1398 380 τὰ
1451 329 1556 398 γὰρ
1603 330 1918 398 Σαμόσατα,

236 418 330 479 τῆς
391 414 764 482 Κομμαγηνῆς
832 417 1057 483 μεγίστη
1125 417 1306 484 πόλις,
1373 425 1544 469 κεῖται
1611 411 1757 481 παρὰ
1821 412 1918 464 τὸν

236 499 556 566 Εὐφράτην,
611 495 740 548 ὥστ’
779 494 922 548 εἶναι
968 510 1083 559 τοῖς
1128 501 1410 567 Πάρθοις,
1463 503 1521 550 εἴ
1566 518 1617 551 τι
1664 506 1919 552 τοιοῦτον

234 586 602 652 διενενόηντο,
644 581 854 654 ῥᾴστην
893 581 995 652 μὲν
1034 586 1134 653 τὴν
1167 586 1426 654 διάβασιν
1456 589 1686 656 βεβαίαν
1718 583 1779 640 δὲ
1815 587 1917 655 τὴν
1962 611 1985 644 5

231 673 529 742 ὑποδοχήν.
592 672 772 741 <225>
801 671 1119 736 πιστευθεὶς
1149 669 1252 726 οὖν
1285 673 1313 727 ὁ
1347 678 1571 743 Παῖτος,
1608 673 1699 727 καὶ
1731 675 1918 743 λαβὼν

234 759 489 824 ἐξουσίαν
527 761 785 827 πράττειν
825 760 858 813 ἃ
899 761 1054 813 δοκεῖ
1090 760 1412 831 συμφέρειν,
1460 762 1562 815 οὐκ
1603 761 1917 832 ἐμέλλησεν,

234 848 491 918 ἐξαίφνης
546 845 607 901 δὲ
659 857 771 902 τῶν
816 846 943 918 περὶ
996 850 1094 902 τὸν
1137 844 1418 918 Ἀντίοχον
1467 846 1635 902 οὐδὲν
1679 852 1917 918 προσδο-

231 939 458 991 κώντων
499 939 576 1000 εἰς
613 938 715 1006 τὴν
747 937 1127 1006 Κομμαγηνὴν
1161 935 1402 1005 ἐνέβαλε,
1440 945 1552 989 τῶν
1583 933 1685 1005 μὲν
1715 937 1918 1006 ταγμά-

233 1046 342 1079 των
374 1027 525 1094 ἄγων
556 1027 619 1079 τὸ
659 1024 838 1094 ἕκτον,
877 1022 966 1078 καὶ
1005 1025 1142 1094 πρὸς
1179 1025 1357 1098 τούτῳ
1397 1027 1596 1094 λόχους
1633 1027 1730 1077 καί
1763 1044 1916 1088 τινας
1939 1050 1986 1080 10

233 1118 351 1177 ἴλας
391 1113 616 1182 ἱππέων,
656 1113 836 1181 <226>
868 1113 1218 1183 συνεμάχουν
1250 1110 1311 1166 δὲ
1348 1111 1441 1166 καὶ
1471 1116 1718 1181 βασιλεῖς
1748 1113 1918 1185 αὐτῷ,

231 1211 325 1271 τῆς
392 1200 494 1272 μὲν
557 1202 889 1270 Χαλκιδικῆς
950 1200 1249 1270 λεγομένης
1308 1198 1755 1270 Ἀριστόβουλος,
1823 1208 1919 1270 τῆς

224 1290 449 1360 Ἐμέσης
494 1288 554 1343 δὲ
601 1288 944 1358 καλουμένης
982 1292 1242 1359 Σόαιμος.
1317 1288 1501 1359 <227>
1539 1286 1609 1358 ἦν
1650 1288 1699 1342 δ’
1732 1289 1918 1352 αὐτοῖς

231 1380 295 1433 τὰ
341 1377 466 1447 περὶ
512 1380 615 1448 τὴν
660 1378 920 1448 εἰσβολὴν
960 1377 1434 1446 ἀνανταγώνιστα·
1481 1386 1592 1431 τῶν
1631 1378 1735 1447 γὰρ
1780 1379 1917 1431 ’κατὰ

230 1470 330 1537 τὴν
360 1469 546 1539 χώραν
578 1466 763 1531 οὐδεὶς
799 1469 968 1536 ἤθελε
1007 1477 1190 1537 χεῖρας
1229 1466 1524 1537 ἀνταίρειν.
1587 1467 1768 1535 <228>
1800 1464 1917 1520 Ἀν-
1942 1489 1985 1522 15

230 1559 410 1627 τίοχος
450 1555 537 1625 δέ,
583 1565 678 1625 τῆς
716 1556 972 1625 ἀγγελίας
1010 1556 1290 1623 ἀδοκήτως
1330 1556 1773 1626 προσπεσούσης,
1821 1574 1918 1610 πο-

230 1643 400 1714 λέμου
431 1641 532 1713 μὲν
565 1642 682 1698 οὐδ’
710 1644 960 1698 ἐπίνοιαν
990 1646 1127 1713 πρὸς
1151 1642 1450 1713 Ῥωμαίους
1481 1646 1734 1713 ἔσπασεν,
1774 1646 1915 1712 ἔγνω

231 1730 292 1786 δὲ
330 1742 512 1787 πᾶσαν
551 1735 653 1802 τὴν
692 1736 979 1802 βασιλείαν
1018 1734 1091 1796 ὡς
1129 1729 1277 1803 εἶχεν
1317 1730 1402 1786 ἐπ’
1443 1732 1711 1803 ὀχήματος
1757 1752 1917 1787 κατα-

229 1824 406 1876 λιπὼν
454 1823 587 1892 μετὰ
640 1823 902 1890 γυναικὸς
951 1820 1042 1875 καὶ
1088 1821 1296 1876 τέκνων
1342 1821 1687 1890 ὑπεξελθεῖν,
1743 1821 1917 1885 οὕτως

229 1911 298 1964 ἂν
337 1914 589 1981 οἰόμενος
634 1913 886 1979 καθαρὸν
926 1909 1209 1980 Ῥωμαίοις
1256 1909 1453 1965 ἑαυτὸν
1493 1909 1775 1974 ἀποδεῖξαι
1821 1918 1916 1979 τῆς
1940 1932 1984 1964 20

230 1999 661 2070 ἐπενηνεγμένης
707 2001 897 2063 αἰτίας.
973 2000 1157 2069 <229>
1204 1998 1294 2053 καὶ
1341 2000 1637 2071 προελθὼν
1676 1998 1783 2053 ἀπὸ
1822 2006 1917 2068 τῆς

228 2091 439 2151 πόλεως
486 2087 681 2142 ἑκατὸν
721 2090 980 2151 σταδίους
1025 2090 1162 2155 πρὸς
1208 2098 1321 2151 τοῖς
1361 2094 1571 2142 εἴκοσιν
1609 2089 1687 2151 εἰς
1723 2090 1786 2142 τὸ
1824 2105 1916 2140 πε-

230 2178 354 2231 δίον
394 2177 455 2230 ἐν
493 2177 640 2250 αὐτῷ
680 2180 1069 2241 καταυλίζεται.
1148 2178 1328 2246 <230>
1361 2181 1570 2240 Παῖτος
1610 2174 1658 2229 δ’
1688 2174 1775 2230 ἐπὶ
1814 2173 1915 2246 μὲν

228 2266 293 2318 τὰ
326 2268 626 2335 Σαμόσατα
656 2267 786 2327 τοὺς
816 2265 1305 2334 καταληψομένους
1334 2263 1673 2329 ἀποστέλλει,
1713 2262 1803 2317 καὶ
1837 2260 1908 2317 δι’

229 2353 455 2407 ἐκείνων
490 2349 601 2424 εἶχε
642 2354 742 2422 τὴν
781 2356 965 2422 πόλιν,
1005 2353 1168 2417 αὐτὸς
1209 2351 1270 2406 δὲ
1309 2354 1443 2423 μετὰ
1481 2360 1575 2421 τῆς
1613 2353 1782 2422 ἄλλης
1820 2354 1915 2406 δυ-
1941 2374 1984 2406 25

227 2443 442 2512 νάμεως
487 2440 573 2495 ἐπ’
614 2439 896 2512 Ἀντίοχον
937 2442 1172 2496 ἐποιεῖτο
1212 2443 1314 2511 τὴν
1354 2442 1547 2510 ὁρμήν.
1625 2440 1807 2510 <231>
1849 2442 1916 2495 οὐ

228 2531 336 2600 μὴν
368 2531 397 2585 ὁ
430 2533 688 2600 βασιλεὺς
719 2529 840 2584 οὐδ’
867 2530 975 2584 ὑπὸ
1010 2539 1105 2599 τῆς
1140 2530 1380 2599 ἀνάγκης
1419 2531 1674 2600 προήχθη
1715 2529 1922 2600 πρᾶξαί

227 2640 279 2672 τι
324 2621 462 2690 πρὸς
496 2617 796 2688 Ῥωμαίους
841 2622 1159 2689 πολεμικόν,
1206 2619 1345 2673 ἀλλὰ
1385 2620 1486 2687 τὴν
1526 2618 1699 2671 αὑτοῦ
1745 2619 1916 2688 τύχην

227 2708 567 2778 ὀδυρόμενος
613 2707 643 2760 ὅ
689 2727 740 2760 τι
789 2706 905 2761 δέοι
955 2713 1159 2761 παθεῖν
1205 2706 1455 2776 ὑπέμενε.
1539 2707 1722 2774 <232>
1770 2705 1917 2769 νέοις

228 2793 290 2849 δὲ
331 2794 422 2849 καὶ
467 2795 725 2865 πολέμων
765 2795 1042 2866 ἐμπείροις
1087 2794 1178 2850 καὶ
1219 2795 1376 2867 ῥώμῃ
1417 2795 1686 2864 σωμάτων
1725 2792 1914 2864 διαφέ-
1939 2816 1983 2848 30

228 2898 425 2954 ρουσιν
458 2884 526 2938 οὐ
565 2882 765 2957 ῥᾴδιον
795 2881 866 2953 ἧν
898 2895 1011 2948 τοῖς
1047 2882 1239 2938 παισὶν
1278 2884 1451 2937 αὐτοῦ
1490 2885 1590 2953 τὴν
1624 2883 1916 2954 συμφορὰν
