2032 3128
57 1037 97 1073 10

11 1916 97 1947 >20

53 2797 97 2829 30

669 90 770 130 ΕῐΣ
801 89 1239 133 ΜΑΚΚΑΒΑῙΟΤΣ
1686 85 1790 138 321

40 241 43 244 ·
120 229 546 291 κοσμοφοροῦσα
570 232 841 289 καρτερῶς
862 221 1118 290 ὑπέμεινε
1141 224 1270 284 τοὺς
1292 222 1594 290 κλύδωνας,
1617 221 1796 289 <188>

122 309 263 362 οὕτω
303 307 393 361 καὶ
434 311 502 361 σὺ
538 308 571 377 ἡ
611 310 928 378 νομοφύλαξ
968 313 1318 380 πανταχόθεν
1350 317 1424 380 τῷ
1455 319 1566 363 τῶν
1597 314 1796 362 παθῶν

120 395 589 467 περιαντλουμένη
651 402 1040 470 κατακλυσμῷ,
1099 396 1188 451 καὶ
1242 406 1523 466 καρτεροῖς
1576 395 1797 466 ἀνέμοις

120 495 236 547 ταῖς
273 495 383 538 τῶν
413 486 553 538 υἱῶν
585 488 848 553 βασάνοις
886 484 1239 557 συνεχομένη,
1278 489 1543 554 γενναίως
1579 483 1797 554 ὑπέμει-

120 593 218 635 νας
256 576 385 636 τοὺς
424 570 560 641 ὑπὲρ
600 582 695 642 τῆς
732 575 1010 643 εὐσεβείας
1049 583 1329 643 χειμῶνας.

230 661 412 730 <189>
450 664 502 715 εἰ
539 663 606 731 δὴ
638 666 830 715 τοίνυν
864 662 955 716 καὶ
995 665 1134 731 γυνὴ
1174 661 1265 715 καὶ
1304 662 1497 730 γεραιὰ
1534 659 1625 713 καὶ
1665 658 1796 712 ἑπτὰ

119 751 334 803 παίδων
384 752 560 819 μήτηρ
615 749 909 819 ὑπέμεινεν
955 751 1138 818 ὁρῶσα
1192 751 1286 813 τὰς
1342 748 1496 819 μέχρι
1548 748 1798 801 θανάτου

120 846 231 890 τῶν
254 836 464 891 τέκνων
486 838 782 906 βασάνους,
814 837 1272 907 ὁμολογουμένως
1302 837 1652 905 αὐτοκράτωρ
1687 833 1800 888 ἐστὶ

120 935 231 978 τῶν
269 931 469 979 παθῶν
504 926 532 979 ὁ
574 926 803 995 εὐσεβὴς
841 930 1114 995 λογισμός.
1183 926 1366 995 <190>
1405 925 1659 988 ἀπέδειξα
1698 919 1801 977 οὖν

122 1013 206 1066 ὅτι
253 1014 321 1066 οὐ
368 1017 544 1082 μόνον
590 1015 789 1082 ἄνδρες
833 1024 943 1067 τῶν
989 1020 1187 1067 παθῶν
1228 1013 1615 1084 ἐπεκράτησαν,
1662 1011 1801 1064 ἀλλὰ

121 1099 212 1154 καὶ
258 1103 398 1170 γυνὴ
445 1112 557 1155 τῶν
597 1107 869 1170 μεγίστων
908 1103 1168 1170 βασάνων
1206 1102 1635 1172 ὑπερεφρόνησε.
1710 1097 1801 1152 καὶ

124 1189 222 1259 οὐχ
270 1190 444 1253 οὕτως
491 1191 549 1244 οἱ
593 1186 719 1259 περὶ
758 1193 855 1244 τὸν
894 1191 1112 1260 Δανιὴλ
1158 1189 1375 1253 λέοντες
1419 1186 1560 1258 ἦσαν
1599 1190 1802 1258 ἄγριοι,

122 1275 254 1330 οὐδὲ
292 1278 325 1346 ἡ
365 1280 500 1331 κατὰ
538 1280 635 1332 τὸν
666 1280 896 1348 Μισαὴλ
938 1277 1308 1348 ἐκφλεγομένη
1345 1279 1573 1347 κάμινος
1604 1280 1801 1346 λαβρο-

121 1368 262 1437 τάτῳ
308 1371 466 1436 πυρί,
515 1368 588 1431 ὡς
632 1367 666 1435 ἡ
712 1375 808 1437 τῆς
848 1371 1196 1437 φιλοτεκνιάς
1239 1366 1546 1433 περιέκαιεν
1588 1365 1803 1432 ἐκείνην

80 1475 98 1506 5
122 1455 304 1523 φύσις,
345 1456 564 1525 ὁρῶσαν
601 1455 821 1524 [αὐτὴν]
863 1456 1006 1509 οὕτω
1045 1459 1304 1518 ποικίλως
1342 1452 1806 1525 βασανιζομένους

121 1544 250 1605 τοὺς
296 1541 428 1595 ἑπτὰ
474 1543 646 1605 υἱούς.
723 1545 905 1611 <191>
930 1543 1085 1597 ἀλλὰ
1123 1551 1197 1614 τῷ
1238 1549 1481 1614 λογισμῷ
1520 1549 1615 1610 τῆς
1655 1541 1805 1593 εὐσε-

122 1633 274 1697 βείας
316 1630 618 1700 ’κατέσβεσε
671 1632 736 1684 τὰ
782 1640 1021 1685 τοσαῦτα
1073 1630 1164 1684 καὶ
1218 1636 1514 1700 τηλικαῦτα
1567 1630 1719 1698 πάθη
1770 1628 1803 1696 ἡ

122 1722 313 1787 μήτηρ.
402 1719 584 1787 <192>
640 1718 730 1772 καὶ
785 1721 889 1789 γὰρ
944 1729 1107 1774 τοῦτο
1163 1723 1311 1773 ἔστιν
1366 1719 1806 1787 ἐπιλογίσασθαι,

123 1807 206 1859 ὅτι
261 1808 592 1877 δειλόψυχος
644 1810 696 1860 εί
746 1805 818 1876 ἦν
866 1809 900 1876 ἡ
952 1810 1120 1876 γυνή,
1174 1811 1367 1877 καίπερ
1421 1810 1595 1877 μήτηρ
1648 1801 1805 1874 οὗσα,

123 1895 448 1964 ὠλοφύρατο
495 1894 566 1948 ἂν
612 1894 698 1948 ἐπ’
738 1897 924 1959 αὐτοῖς
977 1896 1068 1949 καὶ
1120 1902 1250 1958 ἴσως
1295 1903 1466 1949 ταῦτα
1517 1895 1585 1949 ἂν
1634 1895 1807 1957 οὕτως

122 1977 288 2035 εἶπεν.
355 1983 538 2053 <193>
572 1979 642 2036 τὦ
675 1983 840 2052 μελέα
873 1987 1043 2053 ἔγωγε
1078 1983 1169 2038 καὶ
1199 1985 1461 2047 πολλάκις
1491 1987 1806 2054 τρισαθλία,

121 2070 238 2137 ἥτις
286 2069 418 2124 ἑπτα
463 2074 663 2135 παῖδας
707 2081 942 2126 τεκοῦσα
989 2073 1218 2136 οὐδενὸς
1267 2076 1443 2143 μήτηρ
1494 2071 1805 2141 γεγένημαι.

123 2154 164 2210 ὦ
212 2159 432 2228 μάταιοι
480 2159 612 2214 ἑπτα
666 2164 963 2231 κυοφοριάι
1015 2160 1108 2215 καὶ
1161 2161 1423 2230 ἀνόνητοι
1470 2159 1602 2214 ἑπτὰ
1649 2160 1805 2213 δεκά-

122 2267 304 2315 μηνοι,
344 2247 436 2301 καὶ
475 2250 711 2317 άκαρποι
746 2254 1013 2318 τιθηνίαι,
1052 2248 1144 2303 καὶ
1175 2253 1510 2319 ταλαίπωροι
1542 2255 1804 2318 γαλακτο-

80 2339 361 2405 5τροφίαι.
437 2337 620 2405 <194>
667 2338 844 2406 μάτην
891 2336 982 2407 ἐφ’
1020 2338 1181 2407 ὑμῖν,
1235 2335 1277 2391 ὦ
1331 2339 1548 2406 παῖδες,
1601 2338 1806 2401 πολλὰς

121 2424 385 2494 ὑπέμεινα
425 2426 631 2488 ὀδύνας
676 2424 766 2478 καὶ
812 2426 1190 2497 χαλεπωτέρας
1234 2428 1538 2496 φροντίδας
1575 2425 1805 2496 ἀνατρο-

122 2521 240 2581 φῆς.
319 2509 361 2566 ὦ
408 2524 519 2567 τῶν
560 2513 706 2583 ἐμῶν
745 2516 960 2568 παίδων
1002 2519 1057 2569 οἳ
1099 2511 1199 2583 μὲν
1240 2517 1466 2584 ἄγαμοι,
1513 2517 1571 2567 οἳ
1610 2512 1670 2567 δὲ
1710 2517 1804 2582 γή-

122 2619 319 2669 μαντες
349 2600 637 2671 ἀνόνητον
679 2602 780 2656 οὐκ
813 2604 1018 2672 ὄψομαι
1049 2603 1207 2671 ὑμῶν
1238 2603 1419 2671 τέκνα,
1451 2600 1583 2656 οὐδὲ
1614 2602 1802 2672 μάμμη

120 2693 388 2757 κληθεῖσα
435 2691 937 2759 μακαρισθήσομαι.
1014 2689 1196 2760 <195>
1235 2686 1277 2742 ὦ
1317 2690 1350 2758 ἡ
1397 2690 1668 2753 πολύπαις
1711 2690 1803 2743 καὶ

121 2767 406 2840 καλλίπαις
437 2777 542 2846 ἐγὼ
583 2779 723 2846 γυνὴ
763 2779 903 2847 χήρα
940 2776 1032 2831 καὶ
1070 2781 1212 2847 μόνη
1251 2780 1632 2849 πολύθρηνος·
1672 2777 1804 2834 οὐδὲ

121 2865 190 2920 ἂν
213 2866 479 2921 ἀποθάνω
511 2868 771 2931 θάψοντα
801 2876 911 2920 τῶν
942 2867 1083 2921 υἱῶν
1106 2866 1207 2931 ἔξω
1238 2868 1398 2921 τινά.’
1453 2868 1634 2936 <196>
1665 2868 1804 2924 ἀλλὰ

211 2961 421 2994 Iosnmms.
451 2962 519 2994 VI.
1483 2958 1536 2998 21

1832 676 1886 714 16
