2032 3128
169 69 243 120 44
606 70 732 111 ΤΟΤ
761 70 1102 112 ΙΟΤΔΑΙΚΟΤ
1130 69 1440 112 ΠΟΛΕΜΟΥ

171 205 269 256 τὸν
309 200 371 255 δὲ
409 204 548 256 ναὸν
586 210 650 272 τῇ
689 205 860 256 πόλει.
923 202 1106 271 <335>
1143 203 1241 255 τὸν
1277 199 1378 270 μὲν
1411 198 1513 256 οὖν
1553 203 1688 255 λαὸν
1721 202 1856 256 ἕτοι-

172 311 278 360 μον
319 287 464 361 εἶχεν
512 292 588 353 εἰς
635 290 669 343 ἃ
715 291 1023 360 προύτρεπε
1061 288 1153 343 καὶ
1198 290 1393 360 πάλαι,
1442 299 1557 353 τοῖς
1602 293 1858 361 μαχίμοις

174 377 220 431 δ’
270 377 447 431 ἐδόκει
493 380 553 431 τὸ
601 379 1005 447 φιλάνθρωπον
1056 377 1344 447 ἀσθένεια,
1399 377 1490 432 καὶ
1539 380 1636 432 τὸν
1694 381 1858 432 Τίτον

174 466 451 537 ἀδυναμίᾳ
490 475 590 520 τοῦ
633 468 733 534 τὴν
774 466 910 536 ὅλην
949 468 1113 519 πόλιν
1156 464 1302 519 ἑλεῖν
1341 474 1512 520 ταῦτα
1549 470 1859 534 προτείνειν

173 554 579 624 ὑπελάμβανον.
658 555 841 624 <336>
894 556 1305 618 διαπειλοῦντες
1344 552 1405 607 δὲ
1443 564 1560 617 τοῖς
1599 556 1860 623 δημόταις
1904 576 1927 609 5

173 644 423 697 θάνατον
463 645 515 696 εἰ
549 641 675 713 περὶ
714 645 1072 713 παραδόσεως
1103 647 1376 712 μνησθείη
1410 662 1491 706 τις
1529 643 1730 711 αὐτῶν,
1769 641 1860 695 καὶ

173 734 302 794 τοὺς
339 730 911 801 παραφθεγγομένους
958 733 1184 801 εἰρήνην
1231 731 1698 801 ἀποσφάττοντες,
1747 730 1860 784 ἐπι-

174 824 423 874 τίθενται
468 818 559 873 καὶ
605 829 719 883 τοῖς
767 822 1084 873 εἰσελθοῦσι
1125 818 1432 889 Ῥωμαίων,
1480 822 1538 873 οἳ
1580 816 1682 888 μὲν
1728 820 1863 872 κατὰ

175 912 305 972 τοὺς
345 911 657 971 στενωποὺς
694 909 1150 977 ὑπαντιάσαντες,
1190 911 1248 961 οἳ
1284 906 1333 961 δ’
1373 907 1478 961 ἀπὸ
1510 916 1623 960 τῶν
1654 909 1864 975 οἰκιῶν,

176 999 334 1051 ἄλλοι
374 995 424 1050 δ’
463 996 564 1061 ἔξω
597 1005 697 1050 τοῦ
728 1000 941 1066 τείχους
971 998 1106 1050 κατὰ
1137 998 1233 1060 τὰς
1263 998 1378 1050 ἄνω
1411 998 1864 1066 προπηδήσαντες
1888 1020 1934 1052 10

175 1087 365 1149 πύλας.
442 1086 626 1155 <337>
676 1087 814 1155 πρὸς
853 1085 949 1148 οὓς
987 1083 1353 1155 ταραχθέντες
1392 1086 1450 1139 οἱ
1485 1082 1727 1156 φρουροὶ
1764 1091 1865 1138 τοῦ

175 1178 391 1244 τείχους
437 1176 845 1242 καθαλλόμενοι
891 1183 1003 1227 τῶν
1048 1175 1280 1242 πύργων
1327 1174 1647 1244 ἀνεχώρουν
1687 1174 1763 1235 εἰς
1800 1174 1866 1225 τὰ

179 1264 533 1333 στρατόπεδα.
610 1262 792 1331 <338>
830 1263 1042 1331 κραυγὴ
1083 1257 1133 1315 δ’
1170 1258 1241 1330 ἧν
1271 1271 1383 1315 τῶν
1422 1260 1524 1331 μὲν
1563 1267 1690 1315 εἴσω
1731 1261 1866 1314 πάν-

176 1356 347 1403 τοθεν
393 1353 674 1419 πολεμίοις
719 1349 1178 1420 κεκυκλωμένων,
1227 1359 1339 1403 τῶν
1391 1348 1440 1403 δ’
1488 1349 1697 1414 ἔξωθεν
1741 1348 1867 1421 περὶ

176 1449 292 1501 τοῖς
340 1438 728 1509 ἀπολειφθεῖσι
781 1441 1130 1493 δεδοικότων.
1206 1440 1556 1508 πληθύοντες
1595 1434 1645 1492 δ’
1691 1437 1776 1491 ἀεὶ
1815 1439 1936 1494 01515

170 1524 459 1595 Ἰουδαῖοι,
513 1526 604 1580 καὶ
657 1529 835 1581 πολλὰ
889 1532 1348 1591 πλεονεκτοῦντες
1401 1525 1518 1581 κατ’
1582 1527 1868 1597 ἐμπειρίαν

174 1625 285 1668 τῶν
334 1626 657 1686 στενωπῶν,
707 1616 1037 1685 ἐτίτρωσκόν
1083 1636 1141 1670 τε
1188 1619 1429 1680 πολλοὺς
1466 1614 1558 1670 καὶ
1603 1619 1870 1687 προσπίπ-

175 1723 360 1766 τοντες
400 1703 637 1758 ἐώθουν.
713 1705 895 1774 <339>
946 1708 1004 1759 οἳ
1040 1702 1101 1758 δὲ
1146 1703 1262 1759 κατ’
1309 1705 1558 1775 ἀνάγκην
1595 1707 1658 1758 τὸ
1697 1703 1870 1758 πλέον

176 1791 451 1861 ἀντεῖχον·
515 1792 583 1845 οὐ
629 1793 733 1863 γὰρ
781 1789 852 1862 ἦν
900 1792 1147 1864 ἀθρόους
1187 1795 1484 1862 διαφυγεῖν
1531 1795 1625 1846 διὰ
1672 1801 1871 1847 στενοῦ

174 1888 274 1933 τοῦ
328 1884 563 1950 τείχους·
627 1883 865 1936 δοκοῦσί
912 1877 960 1936 τ’
1017 1881 1086 1935 ἂν
1139 1889 1513 1951 κατακοπῆναι
1565 1883 1763 1945 πάντες
1817 1883 1874 1935 οἱ
1893 1905 1938 1937 20

174 1973 551 2039 παρελθόντες
613 1972 686 2039 μὴ
749 1972 1210 2041 προσαμύναντος
1266 1979 1365 2024 τοῦ
1429 1973 1608 2024 Τίτου.
1686 1971 1869 2040 <34Ο>

177 2059 471 2125 διαστήσας
516 2060 622 2127 γὰρ
672 2057 754 2112 ἐπ’
802 2061 991 2130 ἄκροις
1036 2070 1152 2123 τοῖς
1198 2070 1499 2122 στενωποῖς
1543 2062 1674 2123 τοὺς
1718 2059 1870 2124 τοξό-

175 2166 296 2214 τας,
338 2145 430 2200 καὶ
469 2148 605 2200 κατὰ
643 2150 742 2202 τὸν
782 2149 1017 2217 μάλιστα
1055 2150 1384 2218 πληθύοντα
1424 2147 1649 2212 σταθεὶς
1687 2149 1871 2216 αὐτός,

176 2234 466 2289 ἀνέστελλε
509 2246 625 2299 τοῖς
663 2236 848 2306 βέλεσι
894 2241 1025 2301 τοὺς
1070 2239 1394 2308 πολεμίους,
1443 2235 1536 2290 καὶ
1576 2240 1682 2291 σὺν
1722 2238 1868 2309 αὐτῷ

177 2328 447 2394 Δομίτιος
485 2328 749 2394 Σαβῖνος,
791 2325 932 2397 ἀνὴρ
974 2326 1187 2395 ἀγαθὸς
1225 2323 1316 2379 καὶ
1355 2327 1492 2380 κατὰ
1524 2327 1728 2395 ταύτην
1767 2346 1871 2394 φα-
1897 2346 1941 2379 25

176 2411 290 2475 νεὶς
321 2414 422 2481 τὴν
448 2414 648 2484 μάχην.
713 2415 896 2484 <341>
936 2413 1230 2485 παρέμεινε
1263 2412 1325 2468 δὲ
1357 2423 1600 2485 συνεχῶς
1630 2413 1873 2477 τοξεύων

177 2505 415 2571 Καῖσαρ,
455 2501 548 2556 καὶ
586 2505 717 2566 τοὺς
741 2501 1049 2567 Ἰουδαίους
1087 2505 1320 2558 κωλύων
1351 2508 1677 2573 παρελθεῖν,
1716 2502 1874 2573 μέχρι

176 2591 377 2653 πάντες
416 2591 776 2662 ἀνεχώρησαν
816 2593 875 2646 015
910 2602 1250 2662 στρατιῶται.

288 2680 472 2750 <342>
506 2679 762 2750 Ῥωμαῖοι
808 2678 910 2750 μὲν
951 2682 1096 2735 οὕτω
1144 2684 1511 2752 κρατήσαντες
1549 2688 1649 2733 τοῦ
1690 2678 1876 2732 δευτέ-

175 2786 278 2834 ρου
317 2771 532 2840 τείχους
565 2768 939 2839 ἐξεώσθησαν·
980 2780 1093 2823 τῶν
1126 2767 1174 2822 δ’
1215 2769 1321 2822 ἀνὰ
1351 2771 1412 2822 τὸ
1445 2769 1584 2822 ἄστυ
1623 2771 1876 2838 μαχίμων
1900 2789 1945 2822 30

177 2857 394 2928 ἐπήρθη
435 2860 501 2911 τὰ
540 2860 887 2929 φρονήματα,
927 2857 1018 2911 καὶ
1057 2857 1323 2928 μετέωροι
1362 2859 1501 2929 πρὸς
1539 2858 1640 2926 τὴν
1673 2857 1875 2926 εὐπρα-
