<?xml version="1.0" encoding="UTF-8"?>
<!DOCTYPE html PUBLIC "-//W3C//DTD XHTML 1.0 Transitional//EN"
    "http://www.w3.org/TR/xhtml1/DTD/xhtml1-transitional.dtd">
<html xmlns="http://www.w3.org/1999/xhtml" xml:lang="en" lang="en">
 <head>
  <title>
</title>
<meta http-equiv="Content-Type" content="text/html;charset=utf-8" />
  <meta name='ocr-system' content='tesseract 3.04.00' />
  <meta name='ocr-capabilities' content='ocr_page ocr_carea ocr_par ocr_line ocrx_word'/>
</head>
<body>
  <div class='ocr_page' id='page_1' title='image "./flaviiiosephiope06joseuoft_0281.png"; bbox 0 0 2032 3128; ppageno 0'>
   <div class='ocr_carea' id='block_1_1' title="bbox 696 114 1822 168">
    <p class='ocr_par' dir='ltr' id='par_1_1' title="bbox 696 114 1822 168">
     <span class='ocr_line' id='line_1_1' title="bbox 696 114 1822 168; baseline 0.011 -12"><span class='ocrx_word' id='word_1_1' title='bbox 696 116 905 157; x_wconf 81' lang='grc' dir='ltr'><strong>ΛΟΓΟΣ</strong></span> <span class='ocrx_word' id='word_1_2' title='bbox 938 115 1258 158; x_wconf 78' lang='grc' dir='ltr'><em>ΠΡοΤΕΡοΣ</em></span> <span class='ocrx_word' id='word_1_3' title='bbox 1711 114 1822 168; x_wconf 83' lang='grc'><em>225</em></span> 
     </span>
    </p>
   </div>
   <div class='ocr_carea' id='block_1_2' title="bbox 11 244 1909 3032">
    <p class='ocr_par' dir='ltr' id='par_1_2' title="bbox 140 244 1909 584">
     <span class='ocr_line' id='line_1_2' title="bbox 255 244 1909 323; baseline 0.002 -24"><span class='ocrx_word' id='word_1_4' title='bbox 255 248 434 315; x_wconf 80' lang='grc'>&lt;227&gt;</span> <span class='ocrx_word' id='word_1_5' title='bbox 483 246 567 316; x_wconf 85' lang='grc' dir='ltr'><em>ἐφ’</em></span> <span class='ocrx_word' id='word_1_6' title='bbox 607 245 730 311; x_wconf 82' lang='grc' dir='ltr'><em>ἑνὸς</em></span> <span class='ocrx_word' id='word_1_7' title='bbox 777 250 844 318; x_wconf 87' lang='grc' dir='ltr'><em>δὴ</em></span> <span class='ocrx_word' id='word_1_8' title='bbox 895 250 1115 316; x_wconf 85' lang='grc' dir='ltr'><em>πρώτου</em></span> <span class='ocrx_word' id='word_1_9' title='bbox 1163 251 1343 316; x_wconf 81' lang='grc' dir='ltr'><em>στήσω</em></span> <span class='ocrx_word' id='word_1_10' title='bbox 1387 251 1486 323; x_wconf 66' lang='grc' dir='ltr'><em>τὸγ</em></span> <span class='ocrx_word' id='word_1_11' title='bbox 1533 252 1726 318; x_wconf 85' lang='grc' dir='ltr'><em>λόγον,</em></span> <span class='ocrx_word' id='word_1_12' title='bbox 1774 244 1817 322; x_wconf 72' lang='grc' dir='ltr'>ᾧ</span> <span class='ocrx_word' id='word_1_13' title='bbox 1852 265 1909 303; x_wconf 80' lang='lat'><em>26</em></span> 
     </span>
     <span class='ocr_line' id='line_1_3' title="bbox 142 334 1823 408; baseline 0.002 -21"><span class='ocrx_word' id='word_1_14' title='bbox 142 334 232 388; x_wconf 83' lang='grc' dir='ltr'><em>καὶ</em></span> <span class='ocrx_word' id='word_1_15' title='bbox 271 336 505 404; x_wconf 76' lang='grc' dir='ltr'><em>μάρτυρι</em></span> <span class='ocrx_word' id='word_1_16' title='bbox 549 338 746 406; x_wconf 88' lang='grc' dir='ltr'><em>μικρὸν</em></span> <span class='ocrx_word' id='word_1_17' title='bbox 786 339 1103 405; x_wconf 82' lang='grc' dir='ltr'><em>ἔμπροσθεν</em></span> <span class='ocrx_word' id='word_1_18' title='bbox 1142 344 1237 404; x_wconf 82' lang='grc' dir='ltr'><em>τῆς</em></span> <span class='ocrx_word' id='word_1_19' title='bbox 1276 337 1629 407; x_wconf 75' lang='grc' dir='ltr'><em>ἀρχαιότητος</em></span> <span class='ocrx_word' id='word_1_20' title='bbox 1669 338 1823 408; x_wconf 81' lang='grc' dir='ltr'><em>ἐχρη-</em></span> 
     </span>
     <span class='ocr_line' id='line_1_4' title="bbox 143 422 1823 495; baseline 0.002 -20"><span class='ocrx_word' id='word_1_21' title='bbox 143 425 337 492; x_wconf 90' lang='grc' dir='ltr'><em>σάμην.</em></span> <span class='ocrx_word' id='word_1_22' title='bbox 391 424 572 491; x_wconf 83' lang='grc'>&lt;228&gt;</span> <span class='ocrx_word' id='word_1_23' title='bbox 605 425 634 478; x_wconf 99' lang='lat'><em>6</em></span> <span class='ocrx_word' id='word_1_24' title='bbox 667 426 771 493; x_wconf 80' lang='grc' dir='ltr'><em>γὰρ</em></span> <span class='ocrx_word' id='word_1_25' title='bbox 800 425 1089 478; x_wconf 82' lang='grc' dir='ltr'><em>Μανεθὼν</em></span> <span class='ocrx_word' id='word_1_26' title='bbox 1123 422 1301 492; x_wconf 83' lang='grc' dir='ltr'><em>οὗτος,</em></span> <span class='ocrx_word' id='word_1_27' title='bbox 1334 427 1363 479; x_wconf 96' lang='lat'><em>6</em></span> <span class='ocrx_word' id='word_1_28' title='bbox 1394 427 1497 495; x_wconf 81' lang='grc' dir='ltr'><em>τὴν</em></span> <span class='ocrx_word' id='word_1_29' title='bbox 1520 428 1823 494; x_wconf 80' lang='grc' dir='ltr'><em>Αἰγυπτια-</em></span> 
     </span>
     <span class='ocr_line' id='line_1_5' title="bbox 140 512 1824 584; baseline 0.002 -20"><span class='ocrx_word' id='word_1_30' title='bbox 140 513 244 580; x_wconf 88' lang='grc' dir='ltr'><em>κὴν</em></span> <span class='ocrx_word' id='word_1_31' title='bbox 292 513 538 582; x_wconf 75' lang='grc' dir='ltr'><em>ἱστορίαν</em></span> <span class='ocrx_word' id='word_1_32' title='bbox 588 512 647 566; x_wconf 86' lang='grc' dir='ltr'><em>ἐκ</em></span> <span class='ocrx_word' id='word_1_33' title='bbox 701 522 811 566; x_wconf 91' lang='grc' dir='ltr'><em>τῶν</em></span> <span class='ocrx_word' id='word_1_34' title='bbox 860 514 1021 581; x_wconf 90' lang='grc' dir='ltr'><em>ἱερῶν</em></span> <span class='ocrx_word' id='word_1_35' title='bbox 1068 514 1400 583; x_wconf 75' lang='grc' dir='ltr'><em>γραμμάτων</em></span> <span class='ocrx_word' id='word_1_36' title='bbox 1447 516 1824 584; x_wconf 89' lang='grc' dir='ltr'><em>μεθερμηνεύ-</em></span> 
     </span>
    </p>

    <p class='ocr_par' dir='ltr' id='par_1_3' title="bbox 96 600 1825 1024">
     <span class='ocr_line' id='line_1_6' title="bbox 96 600 1825 671; baseline 0.002 -19"><span class='ocrx_word' id='word_1_37' title='bbox 96 620 118 652; x_wconf 88' lang='lat'>5</span> <span class='ocrx_word' id='word_1_38' title='bbox 143 614 262 652; x_wconf 84' lang='grc' dir='ltr'><em>σειν</em></span> <span class='ocrx_word' id='word_1_39' title='bbox 293 600 684 670; x_wconf 72' lang='grc' dir='ltr'><em>ὑπεσχημένος,</em></span> <span class='ocrx_word' id='word_1_40' title='bbox 717 603 998 671; x_wconf 85' lang='grc' dir='ltr'><em>προειπὼν</em></span> <span class='ocrx_word' id='word_1_41' title='bbox 1029 604 1156 664; x_wconf 90' lang='grc' dir='ltr'><em>τοὺς</em></span> <span class='ocrx_word' id='word_1_42' title='bbox 1186 600 1484 671; x_wconf 81' lang='grc' dir='ltr'><em>ἡμετέρους</em></span> <span class='ocrx_word' id='word_1_43' title='bbox 1514 604 1825 671; x_wconf 84' lang='grc' dir='ltr'><em>προγόνους</em></span> 
     </span>
     <span class='ocr_line' id='line_1_7' title="bbox 139 689 1825 759; baseline 0.001 -17"><span class='ocrx_word' id='word_1_44' title='bbox 139 693 367 751; x_wconf 89' lang='grc' dir='ltr'><em>πολλαῖς</em></span> <span class='ocrx_word' id='word_1_45' title='bbox 405 691 667 758; x_wconf 73' lang='grc' dir='ltr'><em>μυριάσιν</em></span> <span class='ocrx_word' id='word_1_46' title='bbox 700 689 787 743; x_wconf 82' lang='grc' dir='ltr'><em>ἐπὶ</em></span> <span class='ocrx_word' id='word_1_47' title='bbox 818 691 920 759; x_wconf 85' lang='grc' dir='ltr'><em>τὴν</em></span> <span class='ocrx_word' id='word_1_48' title='bbox 945 694 1231 758; x_wconf 81' lang='grc' dir='ltr'><em>Αἴγυπτον</em></span> <span class='ocrx_word' id='word_1_49' title='bbox 1264 690 1531 753; x_wconf 78' lang='grc' dir='ltr'><em>ἐλθόντας</em></span> <span class='ocrx_word' id='word_1_50' title='bbox 1560 698 1825 759; x_wconf 81' lang='grc' dir='ltr'><em>κρατῆσαι</em></span> 
     </span>
     <span class='ocr_line' id='line_1_8' title="bbox 139 776 1825 850; baseline 0.001 -20"><span class='ocrx_word' id='word_1_51' title='bbox 139 787 251 830; x_wconf 91' lang='grc' dir='ltr'><em>τῶν</em></span> <span class='ocrx_word' id='word_1_52' title='bbox 300 777 692 846; x_wconf 83' lang='grc' dir='ltr'><em>ἐνοικούντων,</em></span> <span class='ocrx_word' id='word_1_53' title='bbox 739 776 840 831; x_wconf 83' lang='grc' dir='ltr'><em>εἶτ’</em></span> <span class='ocrx_word' id='word_1_54' title='bbox 879 779 1043 841; x_wconf 86' lang='grc' dir='ltr'><em>αὐτὸς</em></span> <span class='ocrx_word' id='word_1_55' title='bbox 1089 779 1377 846; x_wconf 86' lang='grc' dir='ltr'><em>ὁμολογῶν</em></span> <span class='ocrx_word' id='word_1_56' title='bbox 1423 781 1605 850; x_wconf 79' lang='grc' dir='ltr'><em>χρόνῳ</em></span> <span class='ocrx_word' id='word_1_57' title='bbox 1658 779 1825 832; x_wconf 88' lang='grc' dir='ltr'><em>πάλιν</em></span> 
     </span>
     <span class='ocr_line' id='line_1_9' title="bbox 138 864 1822 937; baseline 0.001 -19"><span class='ocrx_word' id='word_1_58' title='bbox 138 866 371 935; x_wconf 78' lang='grc' dir='ltr'><em>ὕστερον</em></span> <span class='ocrx_word' id='word_1_59' title='bbox 411 866 738 929; x_wconf 81' lang='grc' dir='ltr'><em>ἐκπεσόντας</em></span> <span class='ocrx_word' id='word_1_60' title='bbox 783 868 885 936; x_wconf 88' lang='grc' dir='ltr'><em>τὴν</em></span> <span class='ocrx_word' id='word_1_61' title='bbox 927 876 1034 921; x_wconf 87' lang='grc' dir='ltr'><em>νῦν</em></span> <span class='ocrx_word' id='word_1_62' title='bbox 1074 864 1351 920; x_wconf 81' lang='grc' dir='ltr'><em>Ἰουδαίαν</em></span> <span class='ocrx_word' id='word_1_63' title='bbox 1397 875 1688 937; x_wconf 82' lang='grc' dir='ltr'><em>κατασχεῖν</em></span> <span class='ocrx_word' id='word_1_64' title='bbox 1734 866 1822 919; x_wconf 84' lang='grc' dir='ltr'><em>καὶ</em></span> 
     </span>
     <span class='ocr_line' id='line_1_10' title="bbox 139 953 1824 1024; baseline 0.001 -18"><span class='ocrx_word' id='word_1_65' title='bbox 139 957 427 1017; x_wconf 85' lang='grc' dir='ltr'><em>κτίσαντας</em></span> <span class='ocrx_word' id='word_1_66' title='bbox 491 953 844 1024; x_wconf 89' lang='grc' dir='ltr'><em>Ἱεροσόλυμα</em></span> <span class='ocrx_word' id='word_1_67' title='bbox 913 957 1010 1009; x_wconf 88' lang='grc' dir='ltr'><em>τὸν</em></span> <span class='ocrx_word' id='word_1_68' title='bbox 1077 956 1222 1009; x_wconf 85' lang='grc' dir='ltr'><em>νεὼν</em></span> <span class='ocrx_word' id='word_1_69' title='bbox 1291 955 1824 1022; x_wconf 87' lang='grc' dir='ltr'><em>κατασκευάσασθαι,</em></span> 
     </span>
    </p>

    <p class='ocr_par' dir='ltr' id='par_1_4' title="bbox 72 1040 1826 1467">
     <span class='ocr_line' id='line_1_11' title="bbox 72 1040 1826 1113; baseline 0.001 -20"><span class='ocrx_word' id='word_1_70' title='bbox 72 1062 114 1094; x_wconf 87' lang='lat'><em>10</em></span> <span class='ocrx_word' id='word_1_71' title='bbox 139 1043 296 1113; x_wconf 85' lang='grc' dir='ltr'><em>μέχρι</em></span> <span class='ocrx_word' id='word_1_72' title='bbox 335 1040 436 1111; x_wconf 77' lang='grc' dir='ltr'><em>μὲν</em></span> <span class='ocrx_word' id='word_1_73' title='bbox 468 1044 679 1096; x_wconf 88' lang='grc' dir='ltr'><em>τούτων</em></span> <span class='ocrx_word' id='word_1_74' title='bbox 710 1043 1059 1112; x_wconf 80' lang='grc' dir='ltr'><em>ἠκολούθησε</em></span> <span class='ocrx_word' id='word_1_75' title='bbox 1094 1053 1213 1107; x_wconf 89' lang='grc' dir='ltr'><em>ταῖς</em></span> <span class='ocrx_word' id='word_1_76' title='bbox 1245 1043 1605 1112; x_wconf 79' lang='grc' dir='ltr'><em>ἀναγραφαῖς,</em></span> <span class='ocrx_word' id='word_1_77' title='bbox 1644 1043 1826 1111; x_wconf 85' lang='grc'>&lt;229&gt;</span> 
     </span>
     <span class='ocr_line' id='line_1_12' title="bbox 138 1128 1826 1204; baseline 0.001 -21"><span class='ocrx_word' id='word_1_78' title='bbox 138 1133 321 1184; x_wconf 82' lang='grc' dir='ltr'><em>ἔπειτα</em></span> <span class='ocrx_word' id='word_1_79' title='bbox 361 1128 421 1184; x_wconf 76' lang='grc' dir='ltr'><em>δὲ</em></span> <span class='ocrx_word' id='word_1_80' title='bbox 462 1133 594 1194; x_wconf 84' lang='grc' dir='ltr'><em>δοὺς</em></span> <span class='ocrx_word' id='word_1_81' title='bbox 633 1130 889 1196; x_wconf 81' lang='grc' dir='ltr'><em>ἐξουσίαν</em></span> <span class='ocrx_word' id='word_1_82' title='bbox 921 1131 1068 1204; x_wconf 75' lang='grc' dir='ltr'><em>αὑτῷ</em></span> <span class='ocrx_word' id='word_1_83' title='bbox 1111 1133 1204 1185; x_wconf 80' lang='grc' dir='ltr'><em>διὰ</em></span> <span class='ocrx_word' id='word_1_84' title='bbox 1242 1141 1342 1185; x_wconf 88' lang='grc' dir='ltr'><em>τοῦ</em></span> <span class='ocrx_word' id='word_1_85' title='bbox 1380 1131 1552 1200; x_wconf 85' lang='grc' dir='ltr'><em>φάναι</em></span> <span class='ocrx_word' id='word_1_86' title='bbox 1592 1131 1826 1200; x_wconf 82' lang='grc' dir='ltr'><em>γράψειν</em></span> 
     </span>
     <span class='ocr_line' id='line_1_13' title="bbox 136 1217 1825 1290; baseline 0.001 -18"><span class='ocrx_word' id='word_1_87' title='bbox 136 1221 203 1272; x_wconf 81' lang='grc' dir='ltr'><em>τὰ</em></span> <span class='ocrx_word' id='word_1_88' title='bbox 242 1223 600 1290; x_wconf 82' lang='grc' dir='ltr'><em>μυθευόμενα</em></span> <span class='ocrx_word' id='word_1_89' title='bbox 638 1219 727 1273; x_wconf 81' lang='grc' dir='ltr'><em>καὶ</em></span> <span class='ocrx_word' id='word_1_90' title='bbox 768 1223 1037 1289; x_wconf 86' lang='grc' dir='ltr'><em>λεγόμενα</em></span> <span class='ocrx_word' id='word_1_91' title='bbox 1076 1219 1200 1289; x_wconf 89' lang='grc' dir='ltr'><em>περὶ</em></span> <span class='ocrx_word' id='word_1_92' title='bbox 1239 1229 1351 1273; x_wconf 92' lang='grc' dir='ltr'><em>τῶν</em></span> <span class='ocrx_word' id='word_1_93' title='bbox 1383 1217 1691 1288; x_wconf 85' lang='grc' dir='ltr'><em>Ἰουδαίων,</em></span> <span class='ocrx_word' id='word_1_94' title='bbox 1735 1224 1825 1274; x_wconf 89' lang='grc' dir='ltr'><em>λό-</em></span> 
     </span>
     <span class='ocr_line' id='line_1_14' title="bbox 137 1308 1826 1378; baseline 0.001 -18"><span class='ocrx_word' id='word_1_95' title='bbox 137 1328 271 1376; x_wconf 89' lang='grc' dir='ltr'><em>γους</em></span> <span class='ocrx_word' id='word_1_96' title='bbox 333 1308 646 1372; x_wconf 80' lang='grc' dir='ltr'><em>ἀπιθάνους</em></span> <span class='ocrx_word' id='word_1_97' title='bbox 705 1308 1101 1378; x_wconf 81' lang='grc' dir='ltr'><em>παρενέβαλεν,</em></span> <span class='ocrx_word' id='word_1_98' title='bbox 1166 1308 1427 1377; x_wconf 83' lang='grc' dir='ltr'><em>ἀναμῖξαι</em></span> <span class='ocrx_word' id='word_1_99' title='bbox 1488 1311 1826 1377; x_wconf 85' lang='grc' dir='ltr'><em>βουλόμενος</em></span> 
     </span>
     <span class='ocr_line' id='line_1_15' title="bbox 135 1395 1824 1467; baseline 0.001 -19"><span class='ocrx_word' id='word_1_100' title='bbox 135 1396 267 1464; x_wconf 80' lang='grc' dir='ltr'><em>ἡμῖν</em></span> <span class='ocrx_word' id='word_1_101' title='bbox 307 1399 629 1466; x_wconf 81' lang='grc' dir='ltr'><em>Αἰγυπτίων</em></span> <span class='ocrx_word' id='word_1_102' title='bbox 668 1402 882 1467; x_wconf 81' lang='grc' dir='ltr'><em>πλῆθος</em></span> <span class='ocrx_word' id='word_1_103' title='bbox 921 1403 1137 1467; x_wconf 82' lang='grc' dir='ltr'><em>λεπρῶν</em></span> <span class='ocrx_word' id='word_1_104' title='bbox 1176 1397 1266 1451; x_wconf 89' lang='grc' dir='ltr'><em>καὶ</em></span> <span class='ocrx_word' id='word_1_105' title='bbox 1307 1395 1390 1450; x_wconf 83' lang='grc' dir='ltr'><em>ἐπ’</em></span> <span class='ocrx_word' id='word_1_106' title='bbox 1423 1398 1611 1460; x_wconf 80' lang='grc' dir='ltr'><em>ἄλλοις</em></span> <span class='ocrx_word' id='word_1_107' title='bbox 1648 1396 1824 1467; x_wconf 87' lang='grc' dir='ltr'><em>ἀρρω-</em></span> 
     </span>
    </p>

    <p class='ocr_par' dir='ltr' id='par_1_5' title="bbox 71 1486 1825 1912">
     <span class='ocr_line' id='line_1_16' title="bbox 71 1486 1824 1556; baseline 0.002 -20"><span class='ocrx_word' id='word_1_108' title='bbox 71 1504 112 1536; x_wconf 89' lang='lat'><em>15</em></span> <span class='ocrx_word' id='word_1_109' title='bbox 137 1486 430 1554; x_wconf 85' lang='grc' dir='ltr'><em>στήμασιν,</em></span> <span class='ocrx_word' id='word_1_110' title='bbox 485 1487 558 1549; x_wconf 81' lang='grc' dir='ltr'><em>ὥς</em></span> <span class='ocrx_word' id='word_1_111' title='bbox 607 1501 769 1555; x_wconf 89' lang='grc' dir='ltr'><em>φησι,</em></span> <span class='ocrx_word' id='word_1_112' title='bbox 821 1497 1024 1555; x_wconf 80' lang='grc' dir='ltr'><em>φυγεῖν</em></span> <span class='ocrx_word' id='word_1_113' title='bbox 1072 1486 1131 1540; x_wconf 83' lang='grc' dir='ltr'><em>ἐκ</em></span> <span class='ocrx_word' id='word_1_114' title='bbox 1178 1494 1272 1556; x_wconf 80' lang='grc' dir='ltr'><em>τῆς</em></span> <span class='ocrx_word' id='word_1_115' title='bbox 1318 1487 1609 1554; x_wconf 81' lang='grc' dir='ltr'><em>Αἰγύπτου</em></span> <span class='ocrx_word' id='word_1_116' title='bbox 1660 1506 1824 1539; x_wconf 87' lang='grc' dir='ltr'><em>κατα-</em></span> 
     </span>
     <span class='ocr_line' id='line_1_17' title="bbox 134 1572 1825 1645; baseline 0.001 -19"><span class='ocrx_word' id='word_1_117' title='bbox 134 1572 520 1641; x_wconf 80' lang='grc' dir='ltr'><em>γνωσθέντων.</em></span> <span class='ocrx_word' id='word_1_118' title='bbox 597 1574 780 1643; x_wconf 80' lang='grc'>&lt;230&gt;</span> <span class='ocrx_word' id='word_1_119' title='bbox 815 1573 1122 1644; x_wconf 87' lang='grc' dir='ltr'><em>Ἀμένωφιν</em></span> <span class='ocrx_word' id='word_1_120' title='bbox 1162 1576 1266 1645; x_wconf 80' lang='grc' dir='ltr'><em>γὰρ</em></span> <span class='ocrx_word' id='word_1_121' title='bbox 1308 1572 1536 1642; x_wconf 83' lang='grc' dir='ltr'><em>βασιλέα</em></span> <span class='ocrx_word' id='word_1_122' title='bbox 1574 1577 1825 1643; x_wconf 86' lang='grc' dir='ltr'><em>προθείς,</em></span> 
     </span>
     <span class='ocr_line' id='line_1_18' title="bbox 133 1659 1821 1734; baseline 0 -20"><span class='ocrx_word' id='word_1_123' title='bbox 133 1659 334 1725; x_wconf 78' lang='grc' dir='ltr'><em>ψευδὲς</em></span> <span class='ocrx_word' id='word_1_124' title='bbox 375 1665 575 1732; x_wconf 81' lang='grc' dir='ltr'><em>ὄνομα,</em></span> <span class='ocrx_word' id='word_1_125' title='bbox 615 1662 705 1716; x_wconf 83' lang='grc' dir='ltr'><em>καὶ</em></span> <span class='ocrx_word' id='word_1_126' title='bbox 747 1664 840 1716; x_wconf 78' lang='grc' dir='ltr'><em>διὰ</em></span> <span class='ocrx_word' id='word_1_127' title='bbox 879 1671 1041 1717; x_wconf 87' lang='grc' dir='ltr'><em>τοῦτο</em></span> <span class='ocrx_word' id='word_1_128' title='bbox 1082 1666 1286 1734; x_wconf 92' lang='grc' dir='ltr'><em>χρόνον</em></span> <span class='ocrx_word' id='word_1_129' title='bbox 1326 1662 1498 1716; x_wconf 87' lang='grc' dir='ltr'><em>αὐτοῦ</em></span> <span class='ocrx_word' id='word_1_130' title='bbox 1538 1669 1632 1730; x_wconf 80' lang='grc' dir='ltr'><em>τῆς</em></span> <span class='ocrx_word' id='word_1_131' title='bbox 1671 1665 1821 1730; x_wconf 88' lang='grc' dir='ltr'><em>βασι-</em></span> 
     </span>
     <span class='ocr_line' id='line_1_19' title="bbox 134 1749 1822 1821; baseline 0.001 -19"><span class='ocrx_word' id='word_1_132' title='bbox 134 1754 282 1814; x_wconf 89' lang='grc' dir='ltr'><em>λείας</em></span> <span class='ocrx_word' id='word_1_133' title='bbox 328 1752 512 1820; x_wconf 87' lang='grc' dir='ltr'><em>ὁρίσαι</em></span> <span class='ocrx_word' id='word_1_134' title='bbox 559 1753 631 1821; x_wconf 90' lang='grc' dir='ltr'><em>μὴ</em></span> <span class='ocrx_word' id='word_1_135' title='bbox 679 1754 981 1821; x_wconf 81' lang='grc' dir='ltr'><em>τολμήσας,</em></span> <span class='ocrx_word' id='word_1_136' title='bbox 1034 1755 1211 1806; x_wconf 87' lang='grc' dir='ltr'><em>καίτοι</em></span> <span class='ocrx_word' id='word_1_137' title='bbox 1258 1750 1312 1820; x_wconf 85' lang='grc' dir='ltr'><em>γ’</em></span> <span class='ocrx_word' id='word_1_138' title='bbox 1345 1749 1432 1804; x_wconf 85' lang='grc' dir='ltr'><em>ε’πὶ</em></span> <span class='ocrx_word' id='word_1_139' title='bbox 1479 1760 1590 1804; x_wconf 89' lang='grc' dir='ltr'><em>τῶν</em></span> <span class='ocrx_word' id='word_1_140' title='bbox 1637 1752 1822 1804; x_wconf 78' lang='grc' dir='ltr'><em>ἄλλων</em></span> 
     </span>
     <span class='ocr_line' id='line_1_20' title="bbox 133 1837 1824 1912; baseline 0 -20"><span class='ocrx_word' id='word_1_141' title='bbox 133 1837 405 1907; x_wconf 89' lang='grc' dir='ltr'><em>βασιλέων</em></span> <span class='ocrx_word' id='word_1_142' title='bbox 437 1839 676 1909; x_wconf 82' lang='grc' dir='ltr'><em>ἀκριβῶς</em></span> <span class='ocrx_word' id='word_1_143' title='bbox 705 1841 771 1893; x_wconf 81' lang='grc' dir='ltr'><em>τὰ</em></span> <span class='ocrx_word' id='word_1_144' title='bbox 804 1842 893 1908; x_wconf 81' lang='grc' dir='ltr'><em>ἔτη</em></span> <span class='ocrx_word' id='word_1_145' title='bbox 930 1843 1269 1910; x_wconf 89' lang='grc' dir='ltr'><em>προστιθείς,</em></span> <span class='ocrx_word' id='word_1_146' title='bbox 1307 1840 1484 1912; x_wconf 79' lang='grc' dir='ltr'><em>τούτῳ</em></span> <span class='ocrx_word' id='word_1_147' title='bbox 1523 1841 1824 1909; x_wconf 88' lang='grc' dir='ltr'><em>προσάπτει</em></span> 
     </span>
    </p>

    <p class='ocr_par' dir='ltr' id='par_1_6' title="bbox 11 1928 1824 2353">
     <span class='ocr_line' id='line_1_21' title="bbox 11 1928 1824 2000; baseline 0.001 -20"><span class='ocrx_word' id='word_1_148' title='bbox 11 1946 14 1947; x_wconf 67' lang='grc'>’</span> <span class='ocrx_word' id='word_1_149' title='bbox 66 1950 108 1981; x_wconf 75' lang='lat'><em>20</em></span> <span class='ocrx_word' id='word_1_150' title='bbox 133 1930 286 1991; x_wconf 76' lang='grc' dir='ltr'><em>τινας</em></span> <span class='ocrx_word' id='word_1_151' title='bbox 333 1932 702 1998; x_wconf 87' lang='grc' dir='ltr'><em>μυθολογίας,</em></span> <span class='ocrx_word' id='word_1_152' title='bbox 751 1928 1152 1998; x_wconf 84' lang='grc' dir='ltr'><em>ἐπιλαθόμενος</em></span> <span class='ocrx_word' id='word_1_153' title='bbox 1191 1930 1391 2000; x_wconf 91' lang='grc' dir='ltr'><em>σχεδὸν</em></span> <span class='ocrx_word' id='word_1_154' title='bbox 1431 1929 1512 1981; x_wconf 83' lang='grc' dir='ltr'><em>ὅτι</em></span> <span class='ocrx_word' id='word_1_155' title='bbox 1560 1946 1824 1982; x_wconf 89' lang='grc' dir='ltr'><em>πεντακο-</em></span> 
     </span>
     <span class='ocr_line' id='line_1_22' title="bbox 134 2016 1823 2087; baseline 0 -18"><span class='ocrx_word' id='word_1_156' title='bbox 134 2019 273 2079; x_wconf 90' lang='grc' dir='ltr'><em>σίοις</em></span> <span class='ocrx_word' id='word_1_157' title='bbox 321 2019 462 2070; x_wconf 85' lang='grc' dir='ltr'><em>ἔτεσι</em></span> <span class='ocrx_word' id='word_1_158' title='bbox 510 2016 601 2070; x_wconf 85' lang='grc' dir='ltr'><em>καὶ</em></span> <span class='ocrx_word' id='word_1_159' title='bbox 648 2018 1018 2071; x_wconf 89' lang='grc' dir='ltr'><em>ὀκτωκαίδεκα</em></span> <span class='ocrx_word' id='word_1_160' title='bbox 1063 2021 1333 2086; x_wconf 90' lang='grc' dir='ltr'><em>πρότερον</em></span> <span class='ocrx_word' id='word_1_161' title='bbox 1374 2019 1628 2087; x_wconf 79' lang='grc' dir='ltr'><em>ἱστόρηκε</em></span> <span class='ocrx_word' id='word_1_162' title='bbox 1672 2016 1823 2085; x_wconf 88' lang='grc' dir='ltr'><em>γενέ-</em></span> 
     </span>
     <span class='ocr_line' id='line_1_23' title="bbox 133 2105 1824 2177; baseline 0.001 -20"><span class='ocrx_word' id='word_1_163' title='bbox 133 2110 267 2158; x_wconf 88' lang='grc' dir='ltr'><em>σθαι</em></span> <span class='ocrx_word' id='word_1_164' title='bbox 298 2107 400 2174; x_wconf 86' lang='grc' dir='ltr'><em>τὴν</em></span> <span class='ocrx_word' id='word_1_165' title='bbox 431 2116 543 2160; x_wconf 90' lang='grc' dir='ltr'><em>τῶν</em></span> <span class='ocrx_word' id='word_1_166' title='bbox 573 2105 856 2176; x_wconf 87' lang='grc' dir='ltr'><em>ποιμένων</em></span> <span class='ocrx_word' id='word_1_167' title='bbox 888 2107 1082 2171; x_wconf 81' lang='grc' dir='ltr'><em>ἔξοδον</em></span> <span class='ocrx_word' id='word_1_168' title='bbox 1114 2109 1191 2170; x_wconf 85' lang='grc' dir='ltr'><em>είς</em></span> <span class='ocrx_word' id='word_1_169' title='bbox 1222 2105 1602 2177; x_wconf 86' lang='grc' dir='ltr'><em>Ἱεροσόλυμα·</em></span> <span class='ocrx_word' id='word_1_170' title='bbox 1643 2105 1824 2174; x_wconf 80' lang='grc'>&lt;231&gt;</span> 
     </span>
     <span class='ocr_line' id='line_1_24' title="bbox 142 2191 1823 2265; baseline 0.001 -19"><span class='ocrx_word' id='word_1_171' title='bbox 142 2192 425 2263; x_wconf 85' lang='grc' dir='ltr'><em>Τέθμωσις</em></span> <span class='ocrx_word' id='word_1_172' title='bbox 471 2196 574 2265; x_wconf 80' lang='grc' dir='ltr'><em>γὰρ</em></span> <span class='ocrx_word' id='word_1_173' title='bbox 614 2191 684 2263; x_wconf 77' lang='grc' dir='ltr'><em>ἧν</em></span> <span class='ocrx_word' id='word_1_174' title='bbox 723 2198 981 2264; x_wconf 86' lang='grc' dir='ltr'><em>βασιλεὺς</em></span> <span class='ocrx_word' id='word_1_175' title='bbox 1029 2193 1110 2249; x_wconf 81' lang='grc' dir='ltr'><em>ὅτ’</em></span> <span class='ocrx_word' id='word_1_176' title='bbox 1145 2195 1358 2265; x_wconf 77' lang='grc' dir='ltr'><em>ἐξῇσαν.</em></span> <span class='ocrx_word' id='word_1_177' title='bbox 1436 2194 1541 2248; x_wconf 89' lang='grc' dir='ltr'><em>ἀπὸ</em></span> <span class='ocrx_word' id='word_1_178' title='bbox 1591 2192 1651 2247; x_wconf 75' lang='grc' dir='ltr'><em>δὲ</em></span> <span class='ocrx_word' id='word_1_179' title='bbox 1698 2195 1823 2247; x_wconf 90' lang='grc' dir='ltr'><em>τού-</em></span> 
     </span>
     <span class='ocr_line' id='line_1_25' title="bbox 131 2282 1823 2353; baseline 0 -18"><span class='ocrx_word' id='word_1_180' title='bbox 131 2302 243 2335; x_wconf 89' lang='grc' dir='ltr'><em>των</em></span> <span class='ocrx_word' id='word_1_181' title='bbox 282 2283 482 2352; x_wconf 85' lang='grc' dir='ltr'><em>μεταξὺ</em></span> <span class='ocrx_word' id='word_1_182' title='bbox 528 2293 638 2337; x_wconf 91' lang='grc' dir='ltr'><em>τῶν</em></span> <span class='ocrx_word' id='word_1_183' title='bbox 687 2283 960 2351; x_wconf 85' lang='grc' dir='ltr'><em>βασιλέων</em></span> <span class='ocrx_word' id='word_1_184' title='bbox 1006 2283 1125 2338; x_wconf 85' lang='grc' dir='ltr'><em>κατ’</em></span> <span class='ocrx_word' id='word_1_185' title='bbox 1163 2282 1335 2338; x_wconf 87' lang='grc' dir='ltr'><em>αὐτόν</em></span> <span class='ocrx_word' id='word_1_186' title='bbox 1376 2283 1489 2337; x_wconf 85' lang='grc' dir='ltr'><em>ἐστι</em></span> <span class='ocrx_word' id='word_1_187' title='bbox 1535 2285 1823 2353; x_wconf 89' lang='grc' dir='ltr'><em>τριακόσια</em></span> 
     </span>
    </p>

    <p class='ocr_par' dir='ltr' id='par_1_7' title="bbox 64 2370 1823 2797">
     <span class='ocr_line' id='line_1_26' title="bbox 64 2370 1821 2443; baseline 0 -19"><span class='ocrx_word' id='word_1_188' title='bbox 64 2392 106 2424; x_wconf 76' lang='lat'><em>25</em></span> <span class='ocrx_word' id='word_1_189' title='bbox 133 2370 466 2441; x_wconf 82' lang='grc' dir='ltr'><em>ἐνενήκοντα</em></span> <span class='ocrx_word' id='word_1_190' title='bbox 511 2375 635 2442; x_wconf 89' lang='grc' dir='ltr'><em>τρία</em></span> <span class='ocrx_word' id='word_1_191' title='bbox 690 2376 779 2442; x_wconf 81' lang='grc' dir='ltr'><em>ἔτη</em></span> <span class='ocrx_word' id='word_1_192' title='bbox 835 2372 992 2443; x_wconf 91' lang='grc' dir='ltr'><em>μέχρι</em></span> <span class='ocrx_word' id='word_1_193' title='bbox 1038 2382 1149 2426; x_wconf 90' lang='grc' dir='ltr'><em>τῶν</em></span> <span class='ocrx_word' id='word_1_194' title='bbox 1196 2374 1298 2427; x_wconf 91' lang='grc' dir='ltr'><em>δύο</em></span> <span class='ocrx_word' id='word_1_195' title='bbox 1346 2372 1606 2441; x_wconf 81' lang='grc' dir='ltr'><em>ἀδελφῶν</em></span> <span class='ocrx_word' id='word_1_196' title='bbox 1653 2370 1821 2424; x_wconf 83' lang='grc' dir='ltr'><em>Σέθω</em></span> 
     </span>
     <span class='ocr_line' id='line_1_27' title="bbox 131 2457 1823 2531; baseline 0 -19"><span class='ocrx_word' id='word_1_197' title='bbox 131 2459 222 2513; x_wconf 85' lang='grc' dir='ltr'><em>καὶ</em></span> <span class='ocrx_word' id='word_1_198' title='bbox 269 2459 555 2531; x_wconf 87' lang='grc' dir='ltr'><em>Ἑρμαίου,</em></span> <span class='ocrx_word' id='word_1_199' title='bbox 609 2457 687 2515; x_wconf 81' lang='grc' dir='ltr'><em>ὧν</em></span> <span class='ocrx_word' id='word_1_200' title='bbox 732 2463 829 2515; x_wconf 90' lang='grc' dir='ltr'><em>τὸν</em></span> <span class='ocrx_word' id='word_1_201' title='bbox 878 2459 978 2531; x_wconf 75' lang='grc' dir='ltr'><em>μὲν</em></span> <span class='ocrx_word' id='word_1_202' title='bbox 1017 2460 1222 2515; x_wconf 87' lang='grc' dir='ltr'><em>Σέθων</em></span> <span class='ocrx_word' id='word_1_203' title='bbox 1263 2467 1570 2530; x_wconf 81' lang='grc' dir='ltr'><em>Αἴγυπτον,</em></span> <span class='ocrx_word' id='word_1_204' title='bbox 1616 2462 1712 2513; x_wconf 89' lang='grc' dir='ltr'><em>τὸν</em></span> <span class='ocrx_word' id='word_1_205' title='bbox 1761 2457 1823 2512; x_wconf 79' lang='grc' dir='ltr'><em>δὲ</em></span> 
     </span>
     <span class='ocr_line' id='line_1_28' title="bbox 157 2547 1823 2620; baseline -0.001 -19"><span class='ocrx_word' id='word_1_206' title='bbox 157 2553 402 2618; x_wconf 87' lang='grc' dir='ltr'><em>Ερμαιον</em></span> <span class='ocrx_word' id='word_1_207' title='bbox 435 2552 664 2604; x_wconf 90' lang='grc' dir='ltr'><em>Δαναὸν</em></span> <span class='ocrx_word' id='word_1_208' title='bbox 701 2554 1193 2620; x_wconf 80' lang='grc' dir='ltr'><em>μετονομασθῆναί</em></span> <span class='ocrx_word' id='word_1_209' title='bbox 1227 2567 1414 2620; x_wconf 91' lang='grc' dir='ltr'><em>φησιν.</em></span> <span class='ocrx_word' id='word_1_210' title='bbox 1476 2549 1542 2603; x_wconf 88' lang='grc' dir='ltr'><em>ὃν</em></span> <span class='ocrx_word' id='word_1_211' title='bbox 1575 2547 1823 2617; x_wconf 83' lang='grc' dir='ltr'><em>ἐκβαλὼν</em></span> 
     </span>
     <span class='ocr_line' id='line_1_29' title="bbox 132 2636 1822 2707; baseline 0 -17"><span class='ocrx_word' id='word_1_212' title='bbox 132 2637 160 2690; x_wconf 92' lang='lat'><em>6</em></span> <span class='ocrx_word' id='word_1_213' title='bbox 201 2636 402 2701; x_wconf 85' lang='grc' dir='ltr'><em>Σέθως</em></span> <span class='ocrx_word' id='word_1_214' title='bbox 441 2637 797 2707; x_wconf 84' lang='grc' dir='ltr'><em>ἐβασίλευσεν</em></span> <span class='ocrx_word' id='word_1_215' title='bbox 838 2641 928 2707; x_wconf 83' lang='grc' dir='ltr'><em>ἔτη</em></span> <span class='ocrx_word' id='word_1_216' title='bbox 968 2639 1086 2707; x_wconf 87' lang='grc' dir='ltr'><em>νθ’,</em></span> <span class='ocrx_word' id='word_1_217' title='bbox 1134 2637 1223 2692; x_wconf 87' lang='grc' dir='ltr'><em>καὶ</em></span> <span class='ocrx_word' id='word_1_218' title='bbox 1263 2637 1380 2707; x_wconf 90' lang='grc' dir='ltr'><em>μετ’</em></span> <span class='ocrx_word' id='word_1_219' title='bbox 1417 2639 1586 2691; x_wconf 85' lang='grc' dir='ltr'><em>αὐτὸν</em></span> <span class='ocrx_word' id='word_1_220' title='bbox 1626 2638 1654 2691; x_wconf 94' lang='lat'><em>6</em></span> <span class='ocrx_word' id='word_1_221' title='bbox 1695 2655 1822 2707; x_wconf 91' lang='grc' dir='ltr'><em>πρε-</em></span> 
     </span>
     <span class='ocr_line' id='line_1_30' title="bbox 132 2725 1821 2797; baseline 0 -18"><span class='ocrx_word' id='word_1_222' title='bbox 132 2726 397 2795; x_wconf 89' lang='grc' dir='ltr'><em>σβύτερος</em></span> <span class='ocrx_word' id='word_1_223' title='bbox 435 2736 544 2779; x_wconf 92' lang='grc' dir='ltr'><em>τῶν</em></span> <span class='ocrx_word' id='word_1_224' title='bbox 580 2727 719 2779; x_wconf 92' lang='grc' dir='ltr'><em>υἱῶν</em></span> <span class='ocrx_word' id='word_1_225' title='bbox 753 2726 924 2780; x_wconf 86' lang='grc' dir='ltr'><em>αὐτοῦ</em></span> <span class='ocrx_word' id='word_1_226' title='bbox 955 2725 1191 2797; x_wconf 80' lang='grc' dir='ltr'><em>Ῥάμψης</em></span> <span class='ocrx_word' id='word_1_227' title='bbox 1230 2725 1330 2791; x_wconf 83' lang='grc' dir='ltr'>ξς’.</span> <span class='ocrx_word' id='word_1_228' title='bbox 1407 2726 1588 2795; x_wconf 80' lang='grc'>&lt;232&gt;</span> <span class='ocrx_word' id='word_1_229' title='bbox 1626 2727 1821 2779; x_wconf 86' lang='grc' dir='ltr'><em>τοσού-</em></span> 
     </span>
    </p>

    <p class='ocr_par' dir='ltr' id='par_1_8' title="bbox 64 2810 1820 2974">
     <span class='ocr_line' id='line_1_31' title="bbox 64 2810 1820 2884; baseline 0.001 -18"><span class='ocrx_word' id='word_1_230' title='bbox 64 2834 106 2866; x_wconf 82' lang='lat'><em>30</em></span> <span class='ocrx_word' id='word_1_231' title='bbox 131 2833 245 2877; x_wconf 89' lang='grc' dir='ltr'><em>τοις</em></span> <span class='ocrx_word' id='word_1_232' title='bbox 283 2810 388 2867; x_wconf 80' lang='grc' dir='ltr'><em>οὖν</em></span> <span class='ocrx_word' id='word_1_233' title='bbox 426 2817 698 2884; x_wconf 90' lang='grc' dir='ltr'><em>πρότερον</em></span> <span class='ocrx_word' id='word_1_234' title='bbox 738 2817 915 2867; x_wconf 82' lang='grc' dir='ltr'><em>ἔτεσιν</em></span> <span class='ocrx_word' id='word_1_235' title='bbox 954 2814 1220 2868; x_wconf 88' lang='grc' dir='ltr'><em>ἀπελθεῖν</em></span> <span class='ocrx_word' id='word_1_236' title='bbox 1262 2814 1315 2878; x_wconf 79' lang='grc' dir='ltr'><em>ἐξ</em></span> <span class='ocrx_word' id='word_1_237' title='bbox 1357 2815 1646 2882; x_wconf 84' lang='grc' dir='ltr'><em>Αἰγύπτου</em></span> <span class='ocrx_word' id='word_1_238' title='bbox 1690 2816 1820 2877; x_wconf 88' lang='grc' dir='ltr'><em>τοὺς</em></span> 
     </span>
     <span class='ocr_line' id='line_1_32' title="bbox 131 2899 1820 2974; baseline 0 -19"><span class='ocrx_word' id='word_1_239' title='bbox 131 2901 364 2971; x_wconf 88' lang='grc' dir='ltr'><em>πατέρας</em></span> <span class='ocrx_word' id='word_1_240' title='bbox 394 2902 549 2972; x_wconf 83' lang='grc' dir='ltr'><em>ἡμῶν</em></span> <span class='ocrx_word' id='word_1_241' title='bbox 581 2904 962 2974; x_wconf 83' lang='grc' dir='ltr'><em>ὡμολογηκώς,</em></span> <span class='ocrx_word' id='word_1_242' title='bbox 999 2899 1114 2957; x_wconf 82' lang='grc' dir='ltr'><em>εἶτα</em></span> <span class='ocrx_word' id='word_1_243' title='bbox 1146 2901 1583 2973; x_wconf 82' lang='grc' dir='ltr'><em>τὸν-Ἀμένωφιν</em></span> <span class='ocrx_word' id='word_1_244' title='bbox 1615 2904 1820 2956; x_wconf 80' lang='grc' dir='ltr'><em>εἰσποι-</em></span> 
     </span>
    </p>

    <p class='ocr_par' dir='ltr' id='par_1_9' title="bbox 219 2993 1551 3032">
     <span class='ocr_line' id='line_1_33' title="bbox 219 2993 1551 3032; baseline 0.003 -4"><span class='ocrx_word' id='word_1_245' title='bbox 219 2995 430 3030; x_wconf 68' lang='lat' dir='ltr'>Iosnpnus.</span> <span class='ocrx_word' id='word_1_246' title='bbox 457 2998 521 3030; x_wconf 85' lang='lat' dir='ltr'><em>VI.</em></span> <span class='ocrx_word' id='word_1_247' title='bbox 1498 2993 1551 3032; x_wconf 86' lang='lat'><em>15</em></span> 
     </span>
    </p>
   </div>
  </div>
 </body>
</html>
