2032 3128
182 943 209 994 1

250 105 356 157 130
671 108 796 150 ΤΟΤ
826 109 1167 151 ΙΟΥΔΑΙΚΟΤ
1198 109 1506 151 ΠΟΛΕΜΟΥ

243 239 449 307 μεγάλη
492 238 623 303 δόξα
663 248 756 309 τῆς
793 245 1092 310 θρησκείας
1137 240 1336 310 ἤρκεσέ
1378 261 1431 294 τι
1469 242 1606 310 πρὸς
1652 239 1927 294 ἀπώλειαν

243 326 396 395 αὐτῇ.
478 336 697 382 τοιοῦτο
759 326 860 398 μὲν
915 331 983 398 δὴ
1041 331 1102 382 τὸ
1164 330 1318 392 τέλος
1377 336 1472 398 τῆς
1524 327 1927 399 Ἱεροσολύμων

239 417 574 484 πολιορκίας.

761 721 1004 776 ΛΟΓΟΣ
1044 721 1408 775 ΕΒΔΟΜΟΣ.

350 942 459 1012 <1>
499 940 649 996 Ἐπεὶ
697 941 745 996 δ’
780 944 906 997 οὔτε
953 945 1217 1013 φονεύειν
1257 943 1383 997 οὔτε
1425 943 1745 1014 διαρπάζειν
1783 939 1930 1013 εἶχεν

238 1031 271 1099 ἡ
320 1032 544 1101 στρατιὰ
589 1032 814 1085 πάντων
856 1041 971 1094 τοῖς
1015 1037 1222 1101 θυμοῖς
1269 1031 1636 1086 ἐπιλιπόντων
1684 1029 1777 1102 (οὐ
1823 1031 1928 1100 γὰρ

239 1120 308 1186 δή
355 1139 415 1187 γε
456 1121 646 1189 φειδοῖ
687 1140 838 1183 τινος
877 1122 1107 1190 ἔμελλον
1147 1119 1449 1190 ἀφέξεσθαι
1489 1122 1630 1190 δρᾶν
1669 1117 1931 1191 ἔχοντες),

237 1207 448 1260 κελεύει
496 1210 712 1278 Καῖσαρ
767 1210 873 1276 ἤδη
928 1210 1029 1276 τήν
1083 1228 1140 1261 τε
1194 1211 1359 1262 πόλιν
1415 1209 1634 1262 ἅπασαν
1687 1206 1779 1261 καὶ
1831 1210 1930 1261 τὸν

237 1297 382 1349 νεὼν
435 1297 854 1365 κατασκάπτειν,
915 1297 1166 1366 πύργους
1225 1293 1327 1366 μὲν
1390 1297 1511 1351 ὅσοι
1572 1306 1684 1350 τῶν
1745 1297 1931 1349 ἄλλων

237 1385 748 1455 ὑπερανεστήκεσαν
816 1388 1242 1453 καταλιπόντας,
1315 1386 1613 1455 Φασάηλον
1679 1382 1931 1438 Ἱππικὸν

237 1473 605 1543 Μαριάμμην,
661 1473 767 1542 <2>
814 1482 992 1543 τεῖχος
1046 1469 1097 1527 δ’
1135 1474 1268 1527 ὅσον
1315 1470 1386 1543 ἧν
1435 1474 1490 1539 ἐξ
1545 1471 1777 1544 ἑσπέρας
1829 1473 1931 1542 τὴν

235 1564 401 1615 πόλιν
439 1559 715 1631 περιέχον,
761 1570 924 1615 τοῦτο
964 1559 1065 1630 μὲν
1106 1562 1253 1625 ὅπως
1290 1567 1374 1631 εἴη
1422 1571 1538 1626 τοῖς
1583 1562 1931 1630 ὑπολειφθη-

237 1650 492 1718 σομένοις
536 1659 808 1720 φρουροῖς
851 1652 1242 1720 στρατόπεδον,
1287 1654 1418 1714 τοὺς
1462 1652 1711 1720 πύργους
1750 1647 1804 1703 δ’
1838 1650 1931 1702 ἵνα

235 1748 349 1801 τοῖς
388 1741 571 1791 ἔπειτα
611 1742 956 1807 σημαίνωσιν
996 1740 1115 1802 οἵας
1159 1742 1372 1803 πόλεως
1417 1737 1508 1792 καὶ
1555 1742 1679 1791 τίνα
1722 1741 1931 1808 τρόπον

237 1829 440 1897 ὀχυρᾶς
509 1827 684 1890 οὕτως
754 1826 1051 1897 ἐκράτησεν
1117 1828 1150 1897 ἡ
1213 1827 1494 1898 Ῥωμαίων
1565 1827 1933 1897 ἀνδραγαθία.

235 1918 345 1986 <3>
383 1919 482 1970 τὸν
516 1915 565 1969 δ’
595 1917 767 1969 ἄλλον
799 1917 1014 1969 ἅπαντα
1045 1925 1140 1986 τῆς
1177 1920 1389 1980 πόλεως
1426 1919 1726 1986 περίβολον
1758 1916 1934 1979 οὕτως

237 2004 580 2073 ἐξωμάλισαν
620 2005 678 2057 οἱ
718 2005 1190 2068 κατασκάπτοντες
1237 2006 1311 2068 ὡς
1357 2001 1496 2074 μηδὲ
1541 2001 1750 2058 πώποτ’
1782 2006 1933 2073 οίκη-

233 2098 407 2162 θῆναι
446 2095 632 2145 πίστιν
671 2091 741 2145 ἂν
782 2096 860 2146 ἔτι
899 2103 1203 2164 παρασχεῖν
1241 2103 1357 2157 τοῖς
1395 2098 1790 2163 προσελθοῦσι.

345 2182 453 2250 <4>
493 2188 655 2234 τοῦτο
696 2178 797 2249 μὲν
837 2178 942 2235 οὗν
980 2184 1043 2236 τὸ
1086 2181 1240 2245 τέλος
1286 2182 1346 2235 ἐκ
1391 2190 1487 2252 τῆς
1531 2191 1642 2235 τῶν
1681 2201 1934 2252 νεωτερι-

234 2271 455 2323 σάντων
488 2268 678 2332 ἀνοίας
707 2268 1114 2341 Ἱεροσολύμοις
1145 2270 1382 2339 ἐγένετο,
1421 2275 1646 2342 λαμπρᾷ
1677 2291 1734 2324 τε
1773 2273 1930 2324 πόλει
1957 2292 1975 2323 2

234 2357 326 2412 καὶ
370 2358 518 2428 παρὰ
564 2366 734 2411 πᾶσιν
774 2358 1097 2429 ἀνθρώποις
1137 2361 1528 2430 διαβοηθείσῃ·
1569 2359 1674 2428 <5>
1712 2363 1931 2429 Καῖσαρ

234 2444 295 2499 δὲ
341 2447 597 2517 φυλακὴν
636 2443 739 2515 μὲν
778 2447 981 2501 αὐτόθι
1028 2453 1350 2501 καταλιπεῖν
1390 2449 1532 2516 ἔγνω
1572 2456 1685 2500 τῶν
1725 2448 1933 2516 ταγμά-

232 2556 342 2588 των
388 2537 450 2588 τὸ
507 2533 738 2588 δέκατον
788 2541 886 2589 καί
934 2556 1088 2600 τινας
1145 2541 1264 2599 ἴλας
1319 2535 1531 2590 ἱππέων
1585 2533 1678 2588 καὶ
1711 2538 1934 2604 ,λόχους

231 2626 426 2691 πεζῶν,
472 2624 651 2677 πάντα
691 2622 744 2676 δ’
778 2626 886 2693 ἤδη
925 2626 992 2678 τά
1031 2634 1131 2679 τοῦ
1169 2624 1415 2694 πολέμου
1457 2624 1741 2698 διῳκηκὼς
1781 2624 1932 2678 ἐπαι-

232 2712 389 2766 νέσαι
450 2732 507 2765 τε
569 2713 865 2781 σύμπασαν
927 2713 1122 2767 ἐπόθει
1182 2715 1285 2783 τὴν
1347 2715 1609 2783 στρατιὰν
1669 2711 1756 2766 ἐπὶ
1817 2722 1932 2776 τοῖς

231 2800 696 2871 κατωρθωμένοις
732 2800 822 2854 καὶ
863 2803 928 2855 τὰ
966 2804 1318 2872 προσήκοντα
1357 2801 1492 2871 γέρα
1526 2810 1641 2864 τοῖς
1681 2802 1932 2873 ἀριστεύ-

232 2903 396 2943 σασιν
437 2889 761 2944 ἀποδοῦναι.
836 2891 943 2960 <6>
981 2890 1314 2961 ποιηθέντος
1353 2887 1456 2944 οὖν
1497 2890 1644 2962 αὐτῷ
1686 2892 1932 2961 μεγάλου

1975 965 1998 997 5

1955 1403 2023 1450 10]

1957 1848 2002 1881 15

1957 2734 2001 2767 25
