2032 3128
249 56 321 107 30
669 57 794 99 ΤΟΤ
823 58 1164 99 ΙΟΤΔΑΙΚΟΤ
1194 58 1502 101 ΠΟΛΕΜΟΥ

246 190 383 241 ναὸν
431 188 726 258 ἀνέβαινον
774 191 833 243 οἰ
876 199 987 244 τῶν
1035 191 1226 261 ἱερέων
1273 192 1513 260 ἄμωμοι,
1567 193 1778 261 βύσσον
1823 190 1924 261 μὲν

246 276 636 347 ἀμπεχόμενοι,
691 278 924 346 μάλιστα
979 278 1028 331 δ’
1071 277 1165 331 ἀπ’
1204 278 1442 347 ἀκράτου
1489 277 1759 349 νήφοντες
1813 281 1925 335 δέει

243 372 339 433 τῆς
376 369 701 435 θρησκείας,
741 367 814 429 ὡς
851 365 926 436 μή
964 387 1015 420 τι
1053 371 1360 437 παραβαῖεν
1395 367 1455 421 ἐν
1494 373 1925 442 τῇλειτουργία.

245 453 427 522 <230>
465 454 494 507 ὁ
535 452 584 506 δ’
617 454 901 524 ἀρχιερεὺς
940 453 1096 525 ἀνῄει
1135 452 1236 523 μὲν
1276 459 1381 509 σὺν
1421 456 1635 526 αὐτοῖς,
1674 455 1792 510 ἀλλ’
1824 457 1925 510 οὐκ

243 539 353 608 ἀεί,
391 550 509 604 ταῖς
548 540 598 595 δ’
631 541 897 612 ἑβδομάσι
935 542 1026 597 καὶ
1065 547 1388 613 νουμηνίαις
1424 543 1517 598 καὶ
1555 551 1613 598 εἴ
1642 566 1724 608 τις
1763 544 1922 616 ἑορτὴ

241 631 466 698 πάτριος
503 631 537 700 ἢ
576 629 883 700 πανήγυρις
928 628 999 700 ἦν
1037 633 1321 702 πάνδημος
1367 632 1606 702 ἀγομένη
1649 631 1724 687 δι’
1755 627 1924 697 ἔτους.

241 719 420 787 <231>
468 719 800 790 ἐλειτούργει
847 718 909 773 δὲ
955 722 1084 783 τοὺς
1133 724 1342 792 μηροὺς
1386 720 1487 791 μὲν
1532 723 1657 792 ἄχρι
1706 724 1923 776 αἰδοίου

243 808 536 877 διαζώματι
601 810 916 878 καλύπτων,
983 814 1178 864 λινοῦν
1241 799 1299 863 δ’
1339 811 1624 880 ὑποδύτην
1687 812 1923 864 ἔνδοθεν

240 897 555 965 λαμβάνων,
609 896 701 950 καὶ
753 899 990 968 ποδήρες
1043 899 1401 969 καθύπερθεν
1454 900 1790 952 ὑακίνθινον
1837 900 1924 951 ἔν-

241 986 387 1053 δυμα
423 987 783 1055 στρογγύλον,
823 988 1154 1040 θυσανωτὸν
1187 989 1365 1057 ἔργον.
1420 997 1529 1040 τῶν
1563 985 1624 1040 δὲ
1654 988 1923 1040 θυσάνων

239 1072 550 1144 ἀπήρτηντο
579 1076 835 1138 κώδωνες
865 1085 1067 1145 χρυσοῖ
1093 1074 1182 1128 καὶ
1208 1074 1335 1146 ῥοαὶ
1365 1076 1726 1146 παράλληλοι,
1758 1079 1923 1145 βρον-

237 1169 331 1229 τῆς
385 1160 487 1231 μὲν
543 1164 601 1216 οἱ
649 1165 903 1227 κώδωνες
957 1163 1235 1232 ἀστραπῆς
1289 1162 1338 1217 δ’
1387 1165 1449 1217 αἱ
1499 1163 1624 1235 ῥοαὶ
1680 1173 1922 1233 σημεῖον.

236 1252 418 1321 <232>
455 1253 489 1321 ἡ
531 1250 590 1305 δὲ
630 1254 691 1305 τὸ
733 1253 943 1321 ἔνδυμα
979 1259 1054 1323 τῷ
1097 1252 1305 1326 στέρνῳ
1345 1257 1701 1323 προσηλοῦσα
1738 1255 1922 1306 ταινία

233 1338 395 1392 πέντε
437 1341 805 1410 διηνθισμένη
852 1342 1048 1404 ζώναις
1093 1344 1438 1409 πεποίκιλτο,
1485 1349 1696 1410 χρυσοῦ
1734 1361 1791 1394 τε
1829 1339 1921 1394 καὶ

233 1430 524 1498 πορφύρας
568 1427 659 1482 καὶ
698 1431 919 1497 κόκκου,
965 1430 1102 1499 πρὸς
1141 1426 1202 1481 δὲ
1240 1430 1456 1498 βύσσου
1495 1428 1587 1482 καὶ
1625 1429 1921 1498 ὑακίνθου,

236 1515 312 1569 δι’
343 1512 422 1570 ὧν
462 1519 671 1586 ἔφαμεν
709 1516 800 1570 καὶ
840 1519 906 1570 τὰ
944 1526 1044 1571 τοῦ
1082 1527 1224 1572 ναοῦ
1262 1519 1714 1587 καταπετάσματα
1753 1533 1922 1571 συνυ-

233 1605 463 1675 φάνθαι.
540 1605 722 1675 <233>
767 1608 983 1669 τούτοις
1029 1604 1090 1659 δὲ
1136 1605 1227 1660 καὶ
1282 1607 1530 1675 ἐπωμίδα
1582 1605 1923 1676 κεκραμένην

232 1691 397 1764 εἶχεν,
441 1693 501 1747 ἐν
540 1689 575 1766 ᾗ
615 1699 821 1748 πλείων
859 1698 1065 1766 χρυσὸς
1103 1692 1189 1764 ἦν.
1260 1703 1438 1766 σχῆμα
1478 1693 1579 1765 μὲν
1620 1692 1722 1749 οὖν
1763 1696 1922 1749 ἐνδυ-

231 1791 330 1836 τοῦ
385 1785 641 1853 θώρακος
694 1780 860 1854 εἶχεν,
916 1785 1018 1837 δύο
1077 1779 1128 1836 δ’
1166 1784 1340 1853 αὐτὴν
1389 1784 1709 1853 ἐνεπόρπων
1763 1783 1921 1837 ἀσπι-

232 1874 416 1925 δίσκαι
463 1882 685 1943 χρυσαῖ,
732 1872 1138 1927 κατεκέκλειντο
1189 1871 1237 1926 δ’
1271 1872 1332 1926 ἐν
1369 1874 1594 1936 ταύταις
1639 1873 1927 1926 κάλλιστοί

229 1981 286 2014 τε
325 1960 417 2014 καὶ
456 1960 702 2031 μέγιστοι
743 1963 1101 2031 σαρδόνυχες,
1139 1964 1269 2024 τοὺς
1307 1961 1633 2030 ἐπωνύμους
1671 1970 1783 2014 τῶν
1821 1969 1922 2015 τοῦ

230 2051 435 2112 ἔθνους
473 2054 669 2119 φυλῶν
710 2049 1188 2121 ἐπιγεγραμμέναι.
1257 2050 1438 2119 <234>
1481 2051 1617 2102 κατὰ
1659 2046 1720 2102 δὲ
1757 2051 1922 2103 θάτε-

229 2158 330 2207 ρον
369 2140 528 2192 ἄλλοι
574 2142 955 2210 προσήρτηντο
994 2142 1150 2193 λίθοι
1190 2140 1432 2207 δώδεκα,
1478 2139 1615 2191 κατὰ
1653 2148 1799 2208 τρεῖς
1843 2140 1922 2200 εἰς

226 2226 454 2297 τέτταρα
492 2226 628 2297 μέρη
671 2227 1015 2298 διῃρημένοι,
1054 2229 1288 2299 σάρδιον
1319 2230 1548 2291 τόπαζος
1587 2227 1918 2297 σμάραγδος,

227 2315 442 2386 ἄνθραξ
484 2321 666 2379 ἴασπις
698 2317 1020 2387 σάπφειρος,
1059 2316 1262 2387 ἀχάτης
1293 2314 1606 2385 ἀμέθυστος
1645 2317 1919 2385 λιγύριον,

227 2404 358 2468 ὄνυξ
399 2406 675 2475 βήρυλλος
712 2407 1078 2475 χρυσόλιθος·
1124 2400 1203 2458 ὧν
1243 2402 1332 2474 ἐφ’
1365 2402 1597 2458 ἑκάστου
1635 2404 1803 2457 πάλιν
1841 2397 1919 2466 εἷς

224 2502 335 2546 τῶν
393 2493 700 2563 ἐπωνύμων
754 2493 1069 2563 ἐγέγραπτο.
1161 2494 1341 2563 <235>
1394 2494 1496 2561 τὴν
1553 2490 1614 2545 δὲ
1673 2494 1919 2562 κεφαλὴν

223 2585 462 2651 βυσσίνη
518 2579 620 2652 μὲν
675 2585 865 2636 ἔσκεπε
921 2585 1106 2654 τιάρα,
1159 2582 1484 2636 κατέστεπτο
1542 2580 1592 2635 δ’
1637 2582 1917 2654 ὑακίνθῳ·

222 2669 347 2740 περὶ
386 2670 458 2739 ἣν
488 2679 731 2741 χρυσοῦς
769 2673 935 2735 ἄλλος
973 2669 1045 2741 ἦν
1080 2671 1352 2741 στέφανος
1391 2674 1596 2724 ἔκτυπα
1632 2669 1820 2739 φέρων
1853 2670 1920 2723 τὰ

225 2760 343 2829 ἱερὰ
375 2760 687 2830 γράμματα’
719 2760 900 2830 <236>
932 2769 1102 2814 ταῦτα
1135 2759 1185 2814 δ’
1207 2758 1321 2813 ἐστὶ
1352 2763 1643 2830 φωνήεντα
1675 2758 1917 2827 τέτταρα.

221 2848 428 2916 ταύτην
481 2845 583 2918 μὲν
634 2845 737 2903 οὖν
784 2850 885 2917 τὴν
935 2848 1144 2918 ἐσθῆτα
1200 2849 1301 2903 οὐκ
1357 2848 1547 2918 ἐφόρει
1603 2849 1699 2900 τὸν
1747 2849 1918 2900 ἄλλον

1949 1013 1991 1044 10

1945 1453 1988 1486 15

1945 1896 1988 1929 20

1943 2338 1988 2371 25

1942 2782 1986 2814 30
