2032 3128
65 1060 105 1090 10

65 1501 106 1532 15

61 1943 104 1972 20

60 2382 103 2415 25

59 2826 102 2858 30

682 111 783 150 ΕΙΣ
813 109 1251 151 ΜΑΚΚΑΒΑῙΟΤΣ
1700 106 1808 158 323

131 244 299 310 τολὴν
337 250 435 295 τοῦ
474 247 639 309 θεοῦ,
689 244 766 295 ἔτι
807 240 867 295 δὲ
914 240 1004 295 καὶ
1043 250 1210 295 ταῦτα
1250 243 1463 303 εἰδότας
1502 241 1585 294 ὅτι
1625 243 1683 294 οἱ
1718 242 1810 294 διὰ

131 330 228 382 τὸν
267 332 404 383 θεὸν
444 315 820 392 ἀποθανόντες
865 333 990 395 ζῶσι
1035 338 1110 401 τῷ
1153 336 1295 401 θεῷ,
1344 331 1526 397 ὥσπερ
1567 328 1810 398 Ἀβραὰμ

122 416 306 470 Ἰσαὰκ
343 416 433 470 καὶ
467 414 657 487 Ἰακὼβ
698 419 787 472 καὶ
827 420 1023 481 πάντες
1063 421 1121 472 οἱ
1154 420 1496 487 πατριάρχαι.

241 506 422 574 (203)
462 509 652 575 ἔλεγον
686 506 746 560 δὲ
784 507 875 561 καὶ
913 517 1023 560 τῶν
1056 509 1387 576 δορυφόρων
1427 505 1570 570 τινὲς
1609 507 1682 570 ὡς
1721 506 1810 559 ὅτε

132 597 319 663 ἔμελλε
360 596 847 664 συλλαμβάνεσθαι
893 594 983 648 καὶ
1031 595 1167 663 αὐτὴ
1218 596 1354 663 πρὸς
1400 596 1663 662 θάνατον,
1718 596 1811 648 ἵνα

130 683 203 751 μὴ
257 683 490 747 ψαύσειέ
538 704 619 746 τις
672 693 773 737 τοῦ
828 685 1074 752 σώματος
1127 683 1316 751 αὐτῆς,
1374 682 1575 751 ἑαυτὴν
1621 685 1811 753 ἔρριψε

129 773 263 824 κατὰ
311 780 404 840 τῆς
452 780 642 841 πυρᾶς.
718 773 900 840 <204>
946 769 988 824 ὦ
1036 781 1202 841 μῆτερ
1251 775 1355 824 σὺν
1403 771 1534 824 ἑπτὰ
1581 773 1811 824 καταλύ-

132 874 271 912 σασα
302 861 402 928 τὴν
426 869 526 912 τοῦ
558 860 837 928 τυράννου
862 864 1009 929 βιάν,
1041 859 1131 913 καὶ
1163 860 1490 930 ἀκυρώσασα
1521 860 1615 922 τὰς
1645 860 1812 922 κακὰς

131 947 375 1010 ἐπινοίας
414 949 606 1016 αὐτοῦ,
644 946 736 1000 καὶ
778 947 999 1012 δειξασα
1028 949 1130 1016 τὴν
1161 957 1255 1015 τῆς
1292 951 1525 1011 πίστεως
1563 949 1812 1015 γενναιό-

131 1056 276 1104 τητα.
343 1036 594 1107 καθάπερ
634 1037 738 1105 γὰρ
779 1035 941 1106 στέγη
985 1036 1070 1089 ἐπὶ
1109 1047 1222 1099 τοῖς
1262 1038 1498 1104 στύλοις,
1538 1036 1681 1089 οὕτω
1720 1034 1812 1088 καὶ

131 1127 199 1176 σὺ
246 1122 335 1177 ἐπὶ
380 1124 536 1177 παισὶ
598 1129 864 1193 γενναίως
912 1124 1176 1195 ἱδρυμένη
1226 1125 1451 1193 ἀκλινὴς
1503 1125 1813 1192 ὑπήνεγκας

129 1214 228 1265 τὸν
261 1214 352 1265 διὰ
393 1223 502 1266 τῶν
540 1214 800 1282 βασάνων
834 1217 1076 1283 σεισμόν.
1138 1214 1318 1282 <205>
1357 1213 1557 1283 θάρρει
1595 1233 1812 1281 τοιγαρ-

130 1309 259 1368 οῦν,
322 1297 363 1353 ὦ
419 1309 585 1369 μῆτερ
641 1303 923 1370 ίερόψυχε,
976 1303 1077 1369 τὴν
1133 1301 1325 1354 ἐλπίδα
1382 1309 1477 1369 τῆς
1529 1301 1812 1370 ὑπομονῆς

130 1392 331 1458 ἔχουσα
393 1393 623 1457 βεβαίαν
677 1391 813 1456 πρὸς
866 1392 963 1444 τὸν
1016 1393 1169 1443 θεόν.
1254 1391 1354 1459 οὐχ
1410 1390 1553 1442 οὕτω
1609 1392 1810 1458 σελήνη

132 1476 248 1530 κατ’
287 1478 529 1546 οὐρανὸν
577 1481 682 1531 σὺν
728 1480 949 1548 ἄστροις
996 1481 1166 1547 σεμνὴ
1213 1478 1569 1546 καθέστηκεν,
1625 1478 1698 1539 ὡς
1745 1480 1812 1530 σὺ

131 1568 261 1629 τοὺς
302 1566 622 1635 ἰσαστέρους
661 1565 792 1619 ἑπτὰ
830 1568 1030 1629 παῖδας
1064 1570 1516 1636 φωταγωγήσασα
1546 1567 1683 1635 πρὸς
1713 1566 1814 1634 τὴν

129 1654 416 1724 εὐσέβειαν
462 1657 681 1724 ἔντιμος
725 1654 1068 1723 καθέστηκας
1112 1663 1187 1725 τῷ
1232 1660 1347 1726 θεῷ
1396 1655 1484 1707 καὶ
1533 1653 1813 1723 ἠστέρισαι

121 1743 191 1796 ἐν
225 1743 444 1816 οὐρανῷ
486 1746 590 1796 σὺν
630 1743 840 1806 αὐτοῖς·
879 1740 949 1811 ῆν
989 1745 1093 1813 γὰρ
1132 1744 1165 1812 ἡ
1205 1744 1524 1796 παιδοποιία
1565 1757 1666 1795 σου
1707 1741 1812 1795 ἀπὸ

124 1830 368 1901 Ἀβραὰμ
413 1838 512 1883 τοῦ
557 1835 775 1900 πατρός.
853 1831 1035 1899 <206>
1082 1833 1133 1883 εἰ
1177 1829 1237 1884 δὲ
1287 1830 1413 1899 ἐξῆν
1457 1831 1590 1899 ἡμῖν
1630 1831 1812 1899 ὥσπερ

129 1920 224 1971 ἐπί
256 1939 406 1981 τινος
443 1923 671 1982 πίνακος
711 1923 1063 1988 ζωγραφῆσαι
1094 1921 1195 1988 τὴν
1227 1926 1321 1987 τῆς
1352 1919 1630 1988 εὐσεβείας
1670 1920 1813 1972 ἱστο-

130 2011 276 2075 ρίαν,
331 2007 432 2060 οὐκ
486 2007 555 2060 ἂν
610 2009 866 2077 ἔφριττον
918 2009 977 2061 οὗ
1024 2014 1368 2076 θεωροῦντες
1420 2007 1626 2078 μητέρα
1681 2005 1813 2060 ἑπτὰ

128 2094 338 2148 τέκνων
378 2094 450 2148 δι’
486 2095 769 2165 εὐσέβειαν
815 2099 1066 2159 ποικίλας
1111 2096 1389 2164 βασάνους
1434 2095 1591 2166 μέχρι
1637 2096 1813 2148 θανά-

128 2203 228 2236 του
268 2183 561 2254 γινομένας
598 2184 1011 2252 ὑπομένουσαν;
1056 2184 1237 2253 <207>
1274 2183 1365 2237 καὶ
1403 2185 1508 2253 γὰρ
1548 2184 1705 2247 ἄξιον
1743 2181 1814 2252 ἧν

132 2271 214 2324 ἐπ’
247 2273 420 2325 αὐτοῦ
466 2281 564 2325 τοῦ
611 2274 793 2342 τάφου
840 2273 1154 2343 ἀναγράψαι
1200 2272 1291 2326 καὶ
1337 2282 1508 2326 ταῦτα
1546 2283 1661 2335 τοῖς
1706 2272 1811 2325 ἀπὸ

128 2368 227 2412 τοῦ
260 2363 466 2424 ἔθνους
495 2363 574 2423 εἰς
604 2365 799 2430 μνείαν
831 2363 1098 2430 λεγόμενα
1130 2361 1394 2414 εἐνταῦθα
1426 2360 1604 2431 γέρων
1637 2362 1813 2431 ἱερεὺς

126 2448 217 2501 καὶ
265 2452 407 2518 γυνὴ
455 2451 647 2519 γεραιὰ
695 2449 785 2503 καὶ
833 2449 965 2503 ἑπτὰ
1018 2451 1208 2513 παῖδες
1255 2450 1672 2518 ἐγκεκήδευνται
1720 2439 1838 2502 διά

126 2538 407 2607 τυράννου
445 2542 574 2608 βίαν
612 2540 715 2607 τὴν
745 2536 1019 2608 “Εβραίων
1057 2543 1339 2592 πολιτείαν
1377 2543 1677 2591 καταλῦσαι
1715 2538 1812 2591 θέ-

127 2631 337 2694 λοντος,
380 2629 437 2679 οἳ
472 2626 562 2680 καὶ
603 2627 921 2695 ἐξεδίκῆσαν
952 2629 1013 2680 τὸ
1054 2629 1220 2690 ἔθνος
1258 2630 1335 2690 εἰς
1374 2629 1471 2680 τὸν
1505 2629 1643 2680 θεὸν
1675 2626 1811 2695 ἀφο-

127 2724 332 2782 ρῶντες
362 2714 452 2768 καὶ
484 2714 641 2785 μέχρι
668 2716 919 2768 θανάτου
950 2717 1045 2778 τὰς
1075 2716 1355 2783 βασάνους
1381 2715 1810 2784 ὑπομείναντεςῖ

128 2803 310 2872 <208>
343 2804 567 2873 ἀληθῶς
605 2806 709 2873 γὰρ
742 2801 812 2872 ἧν
845 2803 994 2872 ἀγὼν
1026 2810 1182 2867 θεῖος
1215 2805 1243 2857 ὁ
1278 2803 1349 2856 δι’
1374 2804 1556 2856 αὐτῶν
1588 2824 1810 2873 γεγενη-

127 2891 314 2961 μένος·
366 2892 662 2972 ῆθλοθέτει
711 2894 814 2962 γὰρ
861 2896 980 2946 τότε
1028 2892 1190 2961 ἀρετὴ
1232 2890 1307 2945 δι’
1339 2892 1622 2962 ὑπομονῆς
1661 2895 1810 2946 δοκι-

1458 2980 1546 3022 21*

1845 521 1898 558 17
