2032 3128
688 111 899 153 ΛΟΓΟΣ
930 108 1246 152 ΔΕΥΤΕΡΟΣ
1348 90 1350 92 ’
1518 81 1569 83 ”
1700 103 1807 158 269

119 262 245 307 ποις
286 246 401 315 ἰδίᾳ
439 263 495 296 τε
536 241 780 306 ἑκάστοις
818 243 1068 314 ὑπάρχει,
1107 241 1195 296 καὶ
1236 244 1384 296 ὅσων
1417 245 1612 313 ἔτυχον
1648 239 1806 295 αὐτοὶ

122 331 415 401 δεηθέντες
455 332 514 384 ἐν
555 331 876 402 ἀμηχάνοις·
924 336 1123 385 λαθεῖν
1162 329 1222 384 δὲ
1262 333 1363 400 τὴν
1403 331 1618 384 ἐκείνου
1665 331 1807 405 γνοῖ)-

122 440 230 488 μην
278 420 379 473 οὐκ
420 419 547 472 ἐνὸν
594 420 719 472 οὔτε
766 430 876 472 τῶν
922 419 1311 489 πραττομένων
1350 417 1519 472 οὐδὲν
1562 418 1687 473 οὔθ’
1728 415 1806 472 ὧν

119 528 202 570 τις
239 505 368 576 παρ’
397 507 544 580 αὑτῷ
586 509 926 576 διανοηθείη.
988 508 1170 577 <167>
1206 505 1323 561 ἀλλ’
1357 508 1527 561 αὐτὸν
1563 507 1808 578 ἀπέφηνε

77 619 96 651 5
119 594 211 648 καὶ
257 595 527 664 ἀγένητον
574 595 665 649 καὶ
710 598 847 665 πρὸς
891 597 989 649 τὸν
1033 595 1217 650 ἀίδιον
1263 598 1466 666 χρόνον
1506 596 1808 650 ἀναλλοίω-

121 704 238 752 τον,
283 684 654 752 πάσης,ι’δεάς
701 690 910 753 θνητῆς
948 685 1136 738 κάλλει
1176 683 1536 754 διαφέροντα,
1582 683 1672 737 καὶ
1713 685 1807 737 δυ-

38 824 52 836 ,
120 773 283 842 νάμει
345 770 445 841 μὲν
503 773 635 841 ἡμῖν
697 774 1006 842 γνώριμον,
1069 773 1259 835 ὁποῖος
1322 769 1382 824 δὲ
1443 769 1560 825 κατ’
1613 773 1810 826 οὐσίαν

119 859 270 914 ἐστὶν
319 862 620 929 ἄγνωστον.
698 861 881 930 <168>
918 870 1089 914 ταῦτα
1134 859 1260 930 περὶ
1299 866 1440 914 θεοῦ
1485 869 1717 930 φρονεῖν
1757 861 1815 913 oc

119 951 431 1018 σοφώτατοι
477 947 603 1018 παρ’
648 948 911 1018 ”Ἐλλησιν
959 949 1043 1002 ὅτι
1095 946 1195 1018 μὲν
1246 948 1624 1018 ἐδιδάχθησαν
1676 948 1809 1001 ἐκεί-

52 1062 94 1092 ιο
117 1057 222 1091 νου
268 1039 363 1100 τὰς
410 1037 578 1107 ἀρχὰς
623 1040 1026 1107 παρασχόντος,
1082 1037 1152 1091 ἐῶ
1199 1045 1306 1090 νῦν
1354 1036 1561 1105 λέγειν·
1617 1038 1698 1090 ὅτι
1748 1035 1800 1089 δ’

118 1123 233 1179 ἐστὶ
272 1126 411 1178 καλὰ
449 1125 539 1178 καὶ
578 1124 855 1194 πρέποντα
895 1133 959 1195 τῇ
998 1134 1098 1179 τοῦ
1133 1131 1274 1179 θεοῦ
1312 1127 1477 1194 φύσει
1516 1124 1607 1178 καὶ
1646 1144 1808 1194 μεγα-
1841 1192 1843 1195 ¹

118 1217 374 1283 λειότητι,
414 1216 633 1283 σφόδρα
672 1216 1140 1284 μεμαρτυρήκασι·
1189 1213 1280 1267 καὶ
1320 1215 1423 1285 γὰρ
1464 1217 1809 1282 Πυθαγόρας

118 1301 208 1355 καὶ
242 1301 610 1371 Ἀναξαγόρας
647 1301 738 1355 καὶ
773 1303 1012 1355 Πλάτων
1050 1301 1142 1356 καὶ
1178 1304 1236 1355 οἰ
1270 1301 1387 1371 μετ’
1418 1301 1663 1365 ἐκείνους
1701 1301 1808 1355 ἀπὸ

117 1400 211 1460 τῆς
259 1399 420 1454 στοᾶς
467 1393 770 1461 φιλόσοφοι
819 1389 910 1444 καὶ
957 1399 1158 1460 μικροῦ
1211 1392 1331 1444 δεῖν
1382 1392 1616 1453 ἅπαντες
1666 1391 1809 1444 οὕτω

3 1537 11 1540 ..
51 1502 93 1534 15
118 1484 415 1550 φαίνονται
461 1478 585 1549 περὶ
632 1488 726 1548 τῆς
776 1487 876 1533 τοῦ
925 1485 1066 1533 θεοῦ
1119 1481 1340 1548 φύσεως
1389 1482 1811 1549 πεφρονηκότες.

115 1569 315 1638 <169>
362 1564 481 1621 ἀλλ’
520 1571 577 1622 οἳ
623 1565 724 1637 μὲν
774 1570 911 1639 πρὸς
964 1568 1187 1636 ὀλίγους
1241 1566 1681 1637 φιλοσοφοῦντες
1733 1570 1813 1631 εἰς

113 1659 302 1726 πλήθη
374 1656 558 1721 δόξαις
625 1656 1137 1726 προκατειλημμένα
1206 1658 1307 1724 τὴν
1371 1656 1643 1724 ἀλήθειαν
1711 1665 1811 1710 τοῦ

117 1747 389 1814 δόγματος
444 1745 747 1813 ἐξενεγκεῖν
803 1745 906 1798 οὐκ
969 1745 1301 1814 ἐτόλμησαν,
1364 1746 1393 1799 ὁ
1449 1743 1502 1798 δ’
1550 1745 1812 1814 ἡμέτερος

112 1833 448 1904 νομοθέτης,
503 1835 596 1886 ἅτε
645 1834 713 1902 δὴ
766 1829 939 1903 τᾶργα
985 1832 1240 1903 παρέχων
1279 1844 1393 1896 τοῖς
1439 1836 1632 1903 νόμοις
1675 1835 1810 1902 σύμ-

9 1940 90 1977 ‘20
114 1943 300 1992 φωνα,
357 1923 424 1975 οὐ
472 1925 648 1991 μόνον
694 1925 824 1985 τοὺς
870 1920 998 1975 καθ’
1034 1922 1205 1975 αὑτὸν
1245 1925 1486 1990 ἔπεισεν,
1534 1922 1673 1975 ἀλλά
1719 1921 1811 1975 καὶ

114 2020 231 2074 τοῖς
278 2010 332 2075 ἐξ
381 2010 608 2064 ἐκείνων
656 2009 739 2063 ἀεὶ
758 2009 1179 2080 .γενησομε’νοις
1226 2012 1328 2080 τὴν
1366 2009 1492 2082 περὶ
1531 2018 1632 2064 τοῦ
1671 2016 1813 2064 θεοῦ

113 2102 300 2153 πίστιν
347 2098 614 2166 ἐνέφυσεν
666 2100 1079 2169 ἀμετακίνητον.
1171 2100 1356 2169 <170>
1404 2105 1584 2153 αἴτιον
1633 2096 1684 2152 δ’
1729 2100 1813 2152 ὅτι

113 2187 205 2241 καὶ
236 2196 310 2260 τῷ
343 2191 526 2261 τρόπῳ
551 2196 644 2256 τῆς
675 2193 1013 2258 νομοθεσίας
1042 2190 1180 2258 πρὸς
1204 2191 1266 2242 τὸ
1290 2190 1563 2259 χρήσιμον
1586 2189 1812 2242 πάντων

114 2275 199 2329 ἀεὶ
230 2279 381 2330 πολὺ
424 2278 734 2345 διήνεγκεν·
775 2278 843 2330 οὐ
882 2278 987 2347 γὰρ
1027 2275 1192 2346 μέρος
1228 2284 1323 2346 τῆς
1357 2277 1554 2347 ἀρετῆς
1585 2276 1807 2346 ἐποίησε

45 2387 89 2420 25
114 2366 215 2434 τὴν
264 2365 573 2435 εὐσέβειαν,
629 2365 767 2418 ἀλλά
821 2367 1022 2434 ταύτης
1066 2367 1132 2419 τὰ
1185 2364 1322 2435 μέρη
1369 2361 1542 2419 τάλλα
1589 2366 1811 2418 συνεῖδε

113 2452 204 2507 καὶ
244 2453 561 2523 κατέστησε·
610 2453 751 2522 λέγω
795 2451 855 2507 δὲ
897 2456 999 2523 τὴν
1046 2455 1430 2523 δικαιοσύνην,
1476 2456 1577 2522 τὴν
1623 2473 1810 2523 καρτε-

114 2547 261 2612 ρίαν,
307 2545 408 2612 τὴν
450 2544 841 2613 σωφροσύνην,
889 2544 990 2612 τὴν
1028 2553 1140 2596 τῶν
1185 2548 1428 2597 πολιτῶν
1466 2544 1604 2612 πρὸς
1645 2542 1810 2611 ἀλλή-

113 2636 244 2695 λους
298 2631 359 2684 ἐν
415 2634 582 2685 ἅπασι
638 2636 982 2702 συμφωνίαν.
1074 2632 1272 2700 <171>
1329 2633 1532 2685 ἅπασαι
1593 2632 1696 2700 γὰρ
1753 2631 1816 2683 αἱ

111 2720 334 2790 πράξεις
379 2719 472 2774 καὶ
513 2719 791 2790 διατριβαὶ
830 2719 922 2773 καὶ
961 2723 1118 2789 λόγοι
1166 2722 1366 2783 πάντες
1405 2719 1493 2773 ἐπὶ
1532 2721 1633 2788 τὴν
1671 2720 1811 2786 πρὸς

42 2829 88 2861 —30
113 2811 213 2862 τὸν
243 2811 382 2863 θεὸν
414 2810 547 2879 ἡμῖν
587 2808 875 2878 εὐσέβειαν
916 2812 1103 2880 ἔχουσι
1141 2811 1243 2878 τὴν
1283 2809 1598 2878 ἀναφοράν·
1640 2806 1809 2862 οὐδὲν

110 2899 215 2968 γὰρ
255 2899 468 2952 τούτων
509 2897 870 2962 ἀνεξέταστον
910 2896 1030 2952 οὐδ’
1062 2898 1323 2968 ἀόριστον
1362 2898 1640 2968 παρέλιπε.
1705 2898 1808 2950 δύο
