2032 3128
684 125 785 166 ΕΙΣ
816 125 1252 167 ΜΑΚΚΑΒΑῙΟΤΣ
1700 123 1805 174 297

134 269 244 313 τῶν
303 262 495 312 πυλῶν
556 257 941 327 ἀκροφύλακας
1002 256 1315 328 διεξῄεσαν,
1377 258 1811 327 ἀνερευνώμενοι

135 348 268 400 κατὰ
307 354 417 400 πᾶν
456 346 517 398 τὸ
556 355 667 399 τῶν
703 350 982 415 πολεμίων
1022 348 1409 415 στρατόπεδον,
1454 345 1545 399 καὶ
1584 346 1812 416 ἀνευρό-

135 455 291 503 μενοι
329 434 430 502 τὴν
460 435 642 502 πηγὴν
675 433 728 498 ἐξ
765 434 932 502 αὐτῆς
969 435 1291 504 θαρραλέως
1330 443 1402 506 τῷ
1442 439 1661 503 βασιλεῖ
1698 434 1813 487 ἐκό-

135 538 317 592 μισαν.
408 523 551 591 <37>
605 522 633 575 ὃ
690 519 751 575 δὲ
812 526 1004 592 καίπερ
1065 531 1129 593 τῇ
1183 524 1317 594 δίψῃ
1373 524 1815 592 διαπυρούμενος

91 635 111 666 5
137 611 420 679 ἐλογίσατο
473 611 774 664 πάνδεινον
828 607 971 663 εἶναι
1030 613 1299 665 κίνδυνον
1350 620 1496 681 ψυχῇ
1550 607 1905 680 Zoytcsskvf‘za

137 701 477 768 ι’σοδύναμον
511 700 683 752 ποτὸν
714 700 921 768 αἵματι·
962 699 1106 768 <38>
1146 701 1281 752 ὅθεν
1315 697 1559 761 ἀντιθεὶς
1597 707 1662 768 τῇ
1703 698 1816 752 ἐπι-

136 791 314 859 θυμία
351 789 450 841 τὸν
482 788 768 856 λογισμόν,
809 789 1021 840 ἔσπεισε
1053 789 1115 841 τὸ
1153 797 1315 856 πῶμα
1345 796 1419 859 τῷ
1455 793 1590 859 θεῷ.
1650 788 1817 840 δυνα-

137 878 227 939 τὸς
287 877 391 943 γὰρ
446 875 475 928 ὁ
531 875 771 943 σώφρων
825 882 959 938 νοῦς
1017 883 1239 943 νικῆσαι
1299 876 1394 938 τὰς
1454 885 1566 928 τῶν
1618 880 1818 927 παθῶν

137 963 375 1031 ἀνάγκας
419 960 510 1015 καὶ
556 961 748 1031 σβέσαι
786 964 881 1026 τὰς
919 972 1030 1016 τῶν
1069 968 1306 1033 οἴστρων
1343 963 1684 1033 φλεγμονάς,
1729 960 1819 1015 καὶ

73 1077 115 1108 10
140 1052 234 1115 τὰς
286 1060 397 1104 τῶν
445 1051 712 1120 σωμάτων
760 1050 1068 1120 ἀλγηδόνας
1121 1049 1253 1104 καθ’
1291 1052 1607 1121 ὑπερβολὴν
1653 1052 1822 1114 οὔσας

138 1144 552 1207 καταπαλαῖσαι,
591 1137 682 1192 καὶ
722 1147 786 1209 τῇ
826 1143 1208 1212 καλοκαγαθία
1245 1148 1346 1193 τοῦ
1384 1145 1654 1208 λογισμοῦ
1690 1139 1821 1192 ἀπο-

139 1229 339 1281 πτύσαι
376 1228 554 1290 πάσας
590 1228 687 1290 τὰς
724 1237 836 1281 τῶν
873 1233 1073 1281 παθῶν
1112 1228 1468 1297 ἐπικρατείας.

250 1317 394 1384 <39>
439 1317 546 1385 ἤδη
595 1314 656 1369 δὲ
709 1314 800 1369 καὶ
854 1317 884 1370 ὁ
939 1317 1129 1385 καιρὸς
1181 1317 1322 1385 ἡμᾶς
1374 1321 1532 1370 καλεῖ
1581 1314 1670 1369 ε’πὶ
1721 1317 1822 1383 τὴν

141 1404 424 1469 ἀπόδειξιν
452 1413 547 1474 τῆς
576 1408 819 1473 θεωρίας
848 1413 949 1458 τοῦ
980 1406 1271 1475 σώφρονος
1302 1410 1586 1475 λογισμοῦ.
1636 1405 1822 1474 ἐπειδὴ

76 1517 118 1549 15
143 1493 245 1560 γὰρ
301 1496 537 1562 βαθεῖαν
590 1495 819 1561 εἰρήνην
875 1494 967 1545 διὰ
1020 1495 1120 1561 τὴν
1175 1494 1440 1563 εὐνομίαν
1491 1495 1550 1548 οἰ
1597 1492 1825 1562 πατέρες

142 1581 297 1649 ἡμῶν
343 1577 494 1650 εἶχον
540 1579 632 1634 καὶ
687 1583 955 1650 ἔπραττον
999 1586 1205 1649 καλῶς,
1260 1582 1396 1635 ὥστε
1451 1580 1542 1634 καὶ
1588 1583 1685 1635 τὸν
1731 1589 1827 1650 τῆς

137 1665 318 1732 Ἀσίας
366 1667 597 1737 βασιλέα
644 1668 926 1722 Σέλευκον
972 1672 1070 1723 τὸν
1116 1670 1405 1739 Νικάνορα
1458 1673 1705 1740 χρήματα
1750 1672 1828 1733 εἰς

142 1759 242 1826 τὴν
301 1759 618 1827 ἱερουργίαν
673 1756 861 1820 αὐτοῖς
922 1756 1188 1826 ἀφορίσαι
1248 1759 1338 1811 καὶ
1392 1760 1495 1826 τὴν
1546 1760 1828 1812 πολιτείαν

144 1847 327 1899 αὐτῶν
373 1845 770 1915 ἀποδέχεσθαι,
816 1849 936 1899 τότε
985 1847 1052 1914 δή
1099 1866 1245 1908 τινες
1296 1849 1433 1916 πρὸς
1486 1848 1587 1915 τὴν
1632 1848 1828 1916 κοινὴν

78 1959 121 1990 20
144 1937 564 2003 νεωτερίσαντες
594 1933 862 2002 ὁμόνοιαν
892 1936 1260 2001 πολυτρόποις
1288 1934 1587 2004 ἐχρήσαντο
1617 1949 1830 2004 συμφο-

143 2032 277 2092 ραῖς,
350 2022 496 2090 <4Ο>
528 2024 725 2090 Σίμων
764 2022 869 2091 γάρ
909 2042 991 2084 τις
1028 2025 1164 2091 πρὸς
1197 2021 1382 2076 Ὀνίαν
1421 2022 1829 2077 ἀντιπολιτευό-

144 2131 332 2180 μενος,
382 2113 480 2165 τὸν
525 2113 646 2164 τότε
692 2112 793 2180 τὴν
840 2111 1256 2182 ἀρχιερωσύνην
1302 2114 1497 2182 ἔχοντα
1545 2113 1638 2164 διὰ
1684 2115 1830 2180 βίου,

144 2201 314 2253 καλὸν
360 2197 451 2252 καὶ
499 2198 718 2267 ἀγαθὸν
755 2200 960 2270 ἄνδρα,
1007 2200 1194 2269 ἐπειδὴ
1241 2200 1419 2254 πάντα
1466 2203 1673 2268 τρόπον
1713 2200 1831 2254 δια-

144 2289 365 2356 βάλλων
403 2285 541 2355 ὑπὲρ
581 2295 682 2341 τοῦ
721 2290 925 2350 ἔθνους
964 2288 1066 2341 οὐκ
1106 2294 1293 2358 ἴσχυσε
1332 2298 1602 2357 κακῶσαι,
1650 2291 1832 2359 φυγὰς

79 2403 120 2434 25
145 2376 313 2450 ᾤχετο
362 2378 462 2445 τὴν
508 2377 744 2445 πατρίδα
790 2378 1113 2445 προδώσων.
1191 2378 1336 2445 <41>
1378 2377 1515 2430 ὅθεν
1561 2379 1712 2446 ἥκων
1758 2379 1832 2440 ὡς

139 2463 512 2519 Ἀπολλώνιον
551 2467 649 2518 τὸν
681 2467 894 2533 Συρίας
932 2485 990 2518 τε
1027 2463 1119 2518 καὶ
1156 2468 1419 2534 Φοινίκης
1455 2464 1547 2518 καὶ
1580 2468 1833 2529 Κιλικίας

146 2555 453 2623 στρατηγὸν
493 2555 681 2621 ἔλεγεν
720 2553 944 2616 εεῦνους
984 2553 1062 2607 ὢν
1100 2564 1214 2616 τοῖς
1253 2562 1351 2608 τοῦ
1390 2554 1657 2623 βασιλέως
1697 2555 1833 2623 πρά-

146 2657 349 2711 γμασιν
402 2643 544 2711 ἥκω,
606 2643 872 2711 μηνύσων
924 2643 1130 2706 πολλὰς
1193 2644 1487 2696 ἰδιωτικῶν
1540 2644 1833 2712 χρημάτων

141 2731 418 2800 μυριάδας
470 2731 531 2784 ἐν
585 2740 699 2793 τοῖς
744 2728 1144 2800 Ἱεροσολύμων
1197 2735 1619 2801 γαζοφυλακίοις
1673 2736 1833 2800 τεθη-

78 2846 122 2877 30
147 2823 466 2891 σαυρίσθαι,
504 2827 579 2891 τῷ
614 2820 741 2891 ἱερῷ
779 2819 852 2888 μὴ
885 2817 1367 2888 ἐπικοινωνούσας,
1407 2818 1499 2873 καὶ
1537 2823 1836 2889 προσήκειν

145 2918 316 2963 ταῦτα
355 2910 613 2981 Σελεύκῳ
654 2909 728 2980 τῷ
769 2907 1017 2977 βασιλεῖ.’
1095 2909 1238 2978 <42>
1278 2910 1489 2962 τούτων
1531 2906 1591 2962 δὲ
1636 2908 1834 2963 ἕκαστα
