2032 3128
710 106 921 148 ΛΟΓΟΣ
942 107 1239 149 ΕΒΔΟΜΟΣ
1710 104 1817 157 185

137 258 235 291 τον
274 237 508 306 ἀνεῖλεν,
548 236 635 291 ἐπὶ
675 237 725 291 δ’
762 240 948 302 αὐτοῖς
987 240 1226 302 ἅπαντας
1262 242 1392 302 τοὺς
1421 239 1652 310 εὐπορίᾳ
1690 260 1819 309 χρη-

138 326 323 395 μάτων
349 325 710 397 διαφέροντας
734 327 874 396 ὁμοῦ
897 330 1234 398 τρισχιλίους
1265 327 1566 397 ἐφόνευσεν
1598 329 1819 398 ἄνδρας.

138 415 319 483 <446>
359 413 450 467 καὶ
488 423 656 468 ταῦτα
695 416 954 484 πράττειν
995 415 1239 485 ἐνόμιζεν
1279 415 1564 486 ἀσφαλῶς,
1604 416 1687 469 ὅτι
1725 418 1821 479 τὰς

139 503 326 566 οὐσίας
376 502 558 556 αὐτῶν
605 505 681 565 εἰς
726 503 821 566 τὰς
865 512 965 557 τοῦ
1012 506 1291 573 Καίσαρος
1339 505 1650 573 προσόδους
1698 504 1820 557 ἀνε-

93 612 114 643 5
139 592 434 659 λάμβανεν.
511 591 694 659 <447>
740 591 887 655 ὅπως
941 588 1001 645 δὲ
1055 587 1182 661 μηδ’
1234 591 1475 662 ἀλλαχοῦ
1520 611 1666 654 τινες
1710 602 1820 645 τῶν
1853 607 1882 646 3

134 678 418 732 Ἰουδαίων
458 679 751 747 ἐλέγξωσιν
790 680 962 734 αὐτοῦ
994 680 1093 748 τὴν
1126 680 1364 748 ἀδικίαν,
1401 679 1729 751 πορρωτέρω
1760 682 1822 734 τὸ

138 769 344 832 ψεῦδος
398 766 655 834 ἐξέτεινε,
710 766 801 819 καὶ
850 770 1034 820 πείθει
1079 769 1178 821 τὸν
1219 766 1491 837 Ἰωνάθην
1536 770 1632 821 καί
1671 788 1825 831 τινας

138 866 250 909 τῶν
297 854 382 925 ἅμ’
438 855 629 928 ἐκείνῳ
678 853 1128 924 συνειλημμένων
1175 864 1546 926 νεωτερισμοῦ
1596 875 1824 925 κατηγο-

140 948 266 1014 ρίαν
306 943 588 1013 ἐπιφέρειν
627 954 742 1007 τοῖς
781 944 843 997 ἐν
875 942 1260 1015 Ἀλεξανδρεία
1298 964 1355 998 τε
1386 944 1476 998 καὶ
1507 943 1684 1014 Ῥώμῃ
1714 955 1825 998 τῶν

73 1053 117 1084 10
135 1031 419 1086 Ἰουδαίων
475 1033 879 1102 δοκιμωτάτοις.
958 1032 1156 1102 <448>
1208 1034 1421 1087 τούτων
1474 1026 1553 1097 εἷς
1604 1042 1715 1086 τῶν
1770 1033 1824 1097 ἐξ

140 1121 435 1190 ἐπιβουλῆς
480 1120 846 1175 αἰτιαθέντων
891 1117 962 1190 ἦν
1004 1117 1263 1189 Ἰώσηπος
1302 1122 1331 1176 ὁ
1370 1130 1542 1175 ταῦτα
1589 1136 1827 1194 συγγρα-

138 1211 398 1279 ψάμενος.
475 1210 655 1280 <449>
695 1211 762 1264 οὐ
802 1211 911 1279 μὴν
949 1209 1064 1263 κατ’
1109 1210 1302 1264 ἐλπίδα
1341 1218 1414 1283 τῳ
1454 1212 1723 1283 Κατύλλῳ
1763 1213 1826 1264 τὸ

141 1300 466 1369 σκευώρημα
505 1299 915 1369 προυχώρησεν.
985 1295 1081 1367 ἧκε
1112 1297 1213 1368 μὲν
1245 1300 1349 1370 γὰρ
1382 1301 1460 1362 είς
1490 1300 1591 1368 τὴν
1615 1298 1826 1369 Ῥώμην

139 1391 270 1451 τοὺς
307 1386 431 1458 περὶ
469 1390 567 1441 τὸν
601 1386 873 1457 Ἰωνάθην
920 1389 1073 1456 ἄγων
1120 1388 1476 1458 δεδεμένους,
1523 1386 1614 1441 καὶ
1660 1388 1829 1459 πέρας

74 1495 115 1526 15
142 1476 276 1549 ςόετο
315 1485 409 1545 τῆς
449 1476 739 1540 ἐξετάσεως
777 1473 919 1530 εἶναι
958 1477 1059 1546 τὴν
1097 1476 1176 1530 ἐπ’
1217 1477 1388 1531 αὐτοῦ
1419 1475 1511 1530 καὶ
1543 1475 1614 1530 δι’
1655 1477 1827 1531 αὐτοῦ

139 1563 445 1634 γενομένην
499 1567 898 1634 ψευδολογίαν·
975 1564 1171 1634 <450>
1220 1564 1596 1642 ’δεσπασιανὸς
1650 1563 1709 1618 δὲ
1764 1567 1827 1619 τὸ

138 1661 360 1723 πρᾶγμα
398 1654 745 1717 ὑποπτεύσας
783 1653 1039 1723 ἀναζητεῖ
1072 1655 1173 1723 τὴν
1210 1653 1496 1722 ἀλήθειαν,
1537 1652 1628 1707 καὶ
1659 1657 1828 1723 γνοὺς

139 1744 336 1796 ἄδικον
380 1745 482 1812 τὴν
528 1745 709 1796 αἰτίαν
748 1753 862 1805 τοῖς
908 1742 1179 1814 ἀνδράσιν
1220 1742 1659 1812 ἐπενηνεγμένην
1701 1745 1831 1806 τοὺς

139 1829 240 1902 μὲν
280 1831 475 1902 ἀφίησι
513 1840 625 1884 τῶν
664 1831 1018 1901 ἐγκλημάτων
1066 1835 1229 1884 Τίτου
1275 1831 1706 1900 σπουδάσαντος,
1747 1833 1830 1885 δί-

74 1936 118 1968 20
141 1941 245 1990 κην
285 1918 334 1973 δ’
376 1918 646 1990 ἐπέθηκεν
678 1918 917 1991 Ἰωνάθῃ
955 1922 1057 1990 τὴν
1095 1923 1501 1991 προσήκουσαν.
1580 1923 1686 1985 ζῶν
1724 1922 1828 1990 γὰρ

141 2011 482 2079 κατεκαύθη,
534 2012 806 2080 πρότερον
856 2012 1142 2073 αἰκισθείς.
1219 2010 1401 2080 <451>
1449 2011 1718 2082 Κατύλλῳ
1767 2007 1829 2062 δὲ

139 2101 260 2152 τότε
301 2095 402 2168 μὲν
440 2099 644 2169 ὑπῆρξε
687 2100 779 2152 διά
817 2099 918 2166 τὴν
956 2101 1234 2170 πραότητα
1265 2109 1376 2152 τῶν
1408 2099 1829 2168 αὐτοκρατόρων

141 2185 316 2256 μηδὲν
353 2186 522 2241 πλέον
560 2187 856 2257 ὑπομεῖναι
894 2189 1306 2256 καταγνώσεως·
1359 2187 1460 2242 οὐκ
1498 2190 1576 2250 είς
1614 2188 1829 2257 μακρὰν

142 2274 202 2330 δὲ
249 2279 398 2349 νόσῳ
444 2275 820 2347 καταληφθεὶς
865 2280 1195 2350 πολυτρόπῳ
1242 2276 1333 2331 καὶ
1385 2277 1627 2349 δυσιάτῳ
1672 2281 1829 2345 χαλε-

73 2377 116 2411 25
140 2375 255 2429 πῶς
290 2365 657 2434 ἀπήλλαττεν,
697 2365 764 2418 οὐ
795 2367 857 2419 τὸ
890 2374 1044 2434 σῶμα
1077 2368 1252 2435 μόνον
1281 2367 1663 2433 κολαζόμενος,
1703 2361 1821 2417 ἀλλ’

139 2451 211 2523 ἦν
247 2454 281 2522 ἡ
321 2461 417 2523 τῆς
454 2460 634 2523 ψυχῆς
665 2453 811 2525 αὐτῷ
844 2457 1011 2517 νόσος
1040 2451 1330 2524 βαρυτέρα.
1397 2452 1578 2522 <452>
1612 2455 1830 2521 δείμασι

139 2543 244 2614 γὰρ
287 2542 682 2612 ἐξεταράττετο,
721 2540 811 2595 καὶ
852 2551 1094 2612 συνεχῶς
1131 2541 1337 2612 ἀνεβόα
1373 2541 1596 2611 βλέπειν
1628 2542 1830 2614 εἴδωλα

138 2641 250 2686 τῶν
297 2631 388 2685 ὑπ’
435 2631 607 2685 αὐτοῦ
653 2629 1086 2700 πεφονευμένων
1134 2631 1493 2700 ἐφεστηκότα,
1547 2629 1639 2684 καὶ
1676 2629 1830 2683 κατέ-

139 2741 259 2790 χειν
298 2718 495 2774 ἑαυτὸν
536 2720 603 2774 οὐ
645 2720 955 2788 δυνάμενος
994 2718 1246 2789 ἐξήλλετο
1286 2728 1381 2789 τῆς
1420 2719 1583 2787 εὐνῆς
1623 2719 1695 2782 ὡς
1734 2722 1831 2788 βα-

74 2822 118 2853 30
141 2811 327 2865 σάνων
378 2809 524 2881 αὐτῷ·
575 2806 668 2861 καὶ
717 2809 892 2878 πυρὸς
941 2808 1425 2880 προσφερομένων.
1503 2807 1686 2877 <453>
1731 2815 1832 2861 τοῦ

142 2899 204 2955 δὲ
241 2906 414 2953 κακοῦ
460 2899 672 2966 πολλὴν
720 2896 804 2950 ἀεὶ
850 2897 951 2966 τὴν
991 2896 1242 2952 ἐπίδοσιν
1290 2897 1693 2967 λαμβάνοντος,
1739 2894 1829 2949 καὶ
