2032 3128
251 101 359 154 322
809 105 909 144 ΕΙΣ
940 104 1377 145 ΜΑΚΚΑΒΑῙΟΤΣ

250 237 427 307 τούτῳ
467 245 540 305 τῷ
579 238 771 307 θρήνῳ
813 235 1016 289 οὐδένα
1057 236 1383 305 ὠλοφύρατο
1420 236 1456 304 ἡ
1503 238 1620 305 ἱερὰ
1665 236 1755 290 καὶ
1800 244 1928 291 θεο-

251 326 412 392 σεβὴς
442 327 637 394 μήτηρ,
671 323 792 377 οὐδ’
817 326 908 377 ἵνα
941 325 1013 393 μὴ
1038 324 1399 378 ἀποθάνωσιν
1423 323 1723 394 ἀπέτρεπεν
1747 326 1929 379 αὐτῶν

249 433 396 481 τινα,
451 410 568 465 οὐδ’
613 412 686 474 ὡς
740 411 1210 480 ἀποθνησκόντων
1259 412 1532 480 ἐλυπήθη,
1588 410 1709 465 ἀλλ’
1748 414 1928 482 ὥσπερ

250 501 623 570 ἀδαμάντινον
663 503 864 570 ἔχουσα
902 503 1000 554 τὸν
1038 508 1178 554 νοῦν
1216 499 1307 553 καὶ
1347 503 1423 563 εἰς
1454 500 1767 554 ἀθανασίαν
1800 501 1928 554 ἀνα-

248 592 503 641 τίκτουσα
557 590 657 641 τὸν
708 599 819 642 τῶν
870 589 1011 642 υἱῶν
1058 588 1324 658 ἀριθμόν,
1379 593 1611 659 μᾶλλον
1643 586 1781 657 ὑπὲρ
1835 597 1930 658 τῆς

246 676 525 745 εὐσεβείας
573 675 660 728 ἐπὶ
713 679 811 730 τὸν
856 677 1108 729 θάνατον
1154 677 1354 739 αὐτοὺς
1406 676 1767 747 προετρέπετο
1823 678 1928 730 ίκε-

247 767 498 818 τεύουσα.
564 766 746 834 <197>
780 761 821 817 ὦ
854 773 1021 834 μῆτερ
1054 764 1128 817 δι’
1151 765 1437 834 εὐσέβειαν
1466 771 1608 818 θεοῦ
1641 774 1928 834 στρατιῶτι

244 857 533 924 πρεσβῦτι,
588 852 679 906 καὶ
714 856 987 921 ’γυναικὸς
1035 855 1127 906 διὰ
1176 856 1467 923 καρτερίαν
1514 851 1604 906 καὶ
1650 853 1927 921 τύραννον

245 941 515 1010 ἐνίκησας,
558 941 648 995 καὶ
688 944 868 1011 ἔργοις
906 941 1145 1011 εὑρέθης
1176 941 1380 1010 ἀνδρὸς
1418 941 1509 994 καὶ
1544 944 1730 1009 λόγοις
1760 943 1927 995 δυνα-

242 1029 461 1099 τωτέρα.
537 1031 719 1098 <198>
772 1029 864 1083 καὶ
918 1032 1023 1098 γὰρ
1079 1031 1167 1083 ὅτε
1221 1033 1577 1099 συνελήφθης
1629 1032 1762 1099 μετὰ
1814 1040 1925 1084 τῶν

241 1120 475 1185 παίδων,
524 1119 789 1187 εἱστήκεις
835 1121 932 1171 τὸν
973 1116 1296 1189 Ἐλεάζαρον
1336 1119 1522 1188 ὁρῶσα
1570 1121 1924 1187 βασανιζόμε-

239 1226 363 1274 νον,
409 1205 498 1259 καὶ
547 1208 726 1274 ἔλεγες
772 1216 886 1269 τοῖς
931 1205 1089 1259 παισὶ
1133 1215 1200 1278 τῇ
1245 1205 1494 1277 Ἐβραΐδι
1542 1206 1806 1280 διαλέκτῳ
1854 1203 1939 1285 (ὦ,

239 1295 456 1362 παῖδες,
503 1305 758 1362 γενναῖος
796 1295 826 1349 ὁ
865 1294 1034 1363 ἀγών,
1081 1290 1166 1364 ἐφ’
1198 1295 1264 1348 ὃν
1301 1293 1602 1363 κληθέντες
1646 1291 1784 1362 ὑπὲρ
1831 1302 1926 1362 τῆς

241 1384 636 1451 διαμαρτυρίας
702 1391 801 1436 τοῦ
867 1386 1073 1446 ἔθνους
1134 1383 1550 1451 ἐναγωνίσασθε
1619 1383 1926 1453 προθύμως

237 1468 377 1539 ὑπὲρ
418 1479 517 1524 τοῦ
549 1469 808 1543 πατρῴου
839 1474 1041 1540 νόμου·
1082 1473 1262 1541 <199>
1300 1471 1390 1524 καὶ
1429 1472 1533 1541 γὰρ
1567 1473 1798 1541 αἰσχρὸν
1827 1473 1924 1524 τὸν

238 1556 339 1627 μὲν
379 1559 613 1627 γέροντα
658 1569 857 1614 τοῦτον
896 1559 1196 1629 ὑπομένειν
1235 1562 1329 1622 τὰς
1369 1561 1460 1613 διὰ
1498 1561 1600 1628 τὴν
1639 1559 1925 1629 εὐσέβειαν

237 1647 566 1716 ἀλγηδόνας,
604 1649 746 1717 ὑμᾶς
778 1646 838 1701 δὲ
871 1651 1001 1711 τοὺς
1030 1652 1356 1723 νεανίσκους
1389 1653 1801 1716 καταπλαγῆναι
1832 1649 1927 1711 τὰς

235 1737 528 1803 βασάνους.
597 1736 989 1806 ἀναμνήσθητε
1029 1738 1113 1790 ὅτι
1153 1738 1245 1790 διὰ
1277 1739 1374 1790 τὸν
1406 1739 1544 1790 θεὸν
1576 1744 1677 1790 τοῦ
1715 1739 1925 1804 κόσμου

236 1826 553 1895 μετελάβετε
601 1824 690 1877 καὶ
737 1833 836 1878 τοῦ
883 1829 1011 1894 βιόυ
1059 1827 1423 1893 ἀπελαύσατε,
1471 1826 1655 1894 (200)
1701 1824 1791 1877 καὶ
1833 1826 1925 1878 διὰ

236 1922 398 1968 τοῦτο
440 1915 685 1983 ὀφείλετε
731 1914 909 1967 πάντα
946 1916 1123 1967 πόνον
1162 1915 1458 1982 ὑπομεῖναι
1498 1914 1590 1966 διὰ
1629 1914 1727 1965 τὸν
1763 1915 1925 1980 θεόν,

238 2002 310 2056 δι’
345 2003 410 2056 ὃν
447 2001 537 2055 καὶ
579 2004 607 2056 ὁ
647 2004 824 2073 πατὴρ
871 2002 1027 2071 ἡμῶν
1067 1999 1312 2071 Ἀβραὰμ
1352 2003 1582 2055 ἔσπευδε
1621 2003 1720 2054 τὸν
1761 2000 1924 2054 ἐθνο-

236 2091 446 2159 πάτορα
483 2091 610 2144 υίὸν
643 2091 947 2159 σφαγιάσαι
980 2088 1180 2157 Ἰσαάκ,
1220 2088 1311 2142 καὶ
1345 2091 1448 2156 τὴν
1478 2087 1738 2161 πατρῴαν
1769 2099 1924 2158 χεῖρα

237 2180 546 2247 ξιφηφόρον
578 2178 1032 2247 καταφερομένην
1065 2175 1148 2230 ἐπ’
1174 2177 1344 2230 αὐτὸν
1378 2178 1524 2245 ὁρῶν
1557 2178 1586 2231 ὁ
1612 2173 1793 2230 Ἰσαὰκ
1824 2177 1925 2231 οὐκ

238 2268 447 2335 ἔπτηξε,
487 2265 577 2320 καὶ
609 2269 828 2335 Δανιὴλ
862 2267 890 2320 ὁ
924 2269 1137 2329 δίκαιος
1176 2269 1253 2329 εἰς
1292 2265 1517 2328 λέοντας
1557 2265 1795 2335 ἐβλήθη,
1834 2264 1924 2318 καὶ

230 2354 485 2418 Ἀνανίας
530 2354 620 2408 καὶ
662 2352 907 2424 Ἀζαρίας
952 2354 1041 2407 καὶ
1082 2357 1312 2424 Μισαὴλ
1353 2357 1431 2418 εἰς
1475 2355 1711 2423 κάμινον
1749 2357 1923 2424 πυρὸς

236 2444 831 2513 ἀπεσφενδονίσθησαν
855 2442 945 2496 καὶ
975 2443 1274 2512 ὑπέμειναν
1300 2445 1392 2497 διὰ
1416 2445 1513 2497 τὸν
1537 2447 1692 2497 θεόν.
1739 2442 1920 2512 <2Ο1>

235 2532 327 2586 καὶ
366 2532 519 2601 ὑμεῖς
559 2528 662 2586 οὖν
700 2535 800 2602 τὴν
840 2534 1014 2602 αὐτὴν
1052 2536 1238 2586 πίστιν
1277 2535 1355 2595 εἰς
1393 2535 1491 2586 τὸν
1528 2534 1668 2585 θεὸν
1707 2534 1924 2601 ἔχοντες

237 2623 310 2690 μὴ
350 2623 727 2690 χαλεπαίνετε·
768 2620 1063 2688 ἀλόγιστον
1094 2622 1198 2691 γὰρ
1230 2624 1359 2684 τοὺς
1390 2622 1605 2683 εἰδότας
1636 2619 1921 2688 εὐσέβειαν

236 2711 310 2778 μὴ
350 2710 723 2763 ἀνθίστασθαι
762 2719 877 2772 τοῖς
914 2711 1139 2772 πόνοις.’
1210 2710 1390 2778 (202)
1431 2711 1522 2762 διὰ
1561 2710 1773 2762 τούτων
1811 2718 1921 2762 τῶν

238 2800 419 2865 λόγων
466 2798 498 2865 ἡ
548 2796 867 2867 ἑπταμήτωρ
915 2798 1011 2851 ἕνα
1062 2798 1293 2851 ἕκαστον
1339 2807 1450 2850 τῶν
1497 2799 1635 2851 υἱῶν
1682 2817 1921 2867 παρακα-

238 2890 411 2940 λοῦσα
451 2885 759 2939 ἀποθανεῖν
798 2889 976 2940 ἔπεισε
1019 2891 1231 2955 μᾶλλον
1271 2886 1304 2955 ἢ
1343 2890 1655 2955 παραβῆναι
1693 2887 1794 2954 τὴν
1835 2886 1919 2939 ε’ν-

1951 1055 1993 1086 10

1953 1495 1992 1527 15

1950 1937 1993 1967 20

1946 2377 1990 2409 25

1945 2820 1989 2850 30
