2032 3128
217 73 321 125 152
647 77 772 119 'ro‘r
802 76 1141 118 IOTAAIKOT
1171 76 1480 118 ΠΟΛΕΜΟΥ

208 209 311 276 τὴν
349 209 522 276 φύσιν
569 207 918 277 ἁμιλληθείς,
965 207 1042 261 ἵν’
1072 208 1237 272 αὐτὸς
1282 210 1343 262 τὸ
1390 206 1510 262 κατ’
1542 208 1757 278 ἐκείνην
1795 216 1895 263 τοῦ

209 298 380 348 τόπου
414 296 735 349 δυσάλωτον
765 297 1136 367 ὑπερβάληται
1175 305 1293 359 ταῖς
1330 299 1728 366 χειροποιήτοις
1769 297 1897 367 ὀχυ-

210 384 471 452 ρώσεσιν·
527 384 711 452 <177>
765 386 843 437 ἔτι
893 404 949 436 τε
1006 386 1111 453 γὰρ
1165 382 1256 437 καὶ
1310 388 1488 453 βελῶν
1538 390 1751 449 πλῆθος
1803 380 1897 434 καὶ

208 472 615 540 μηχανημάτων
655 471 998 535 ἐγκατέθετο,
1043 471 1134 522 καὶ
1180 479 1291 520 πᾶν
1339 463 1633 537 ἐπενόησεν
1682 467 1896 537 ἑτοιμά-

208 560 413 608 σασθαι
467 555 528 606 τὸ
583 564 884 623 παρασχεῖν
933 555 1247 623 δυνάμενον
1296 564 1411 617 τοῖς
1466 554 1743 610 ἐνοικοῦσι
1796 577 1892 626 μη-

208 646 395 710 κίστης
432 644 752 711 πολιορκίας
789 645 1217 710 καταφρόνησιν.

317 731 498 798 <178>
531 729 788 799 ἐπεφύκει
822 727 868 781 δ’
894 729 953 781 ἐν
985 739 1099 791 τοῖς
1129 733 1430 797 βασιλείοις
1460 734 1711 799 πήγανον
1740 733 1896 797 ἄξιον

206 827 308 872 τοῦ
355 817 627 888 μεγέθους
671 817 981 886 θαυμάσαι·
1038 824 1210 886 συκῆς
1257 818 1360 887 γὰρ
1410 818 1671 887 οὐδεμιᾶς
1717 820 1897 883 ὕψους

206 905 299 961 καὶ
353 907 561 975 πάχους
617 905 871 958 ἐλείπετο.
950 906 1131 974 <179>
1186 907 1349 973 λόγος
1404 905 1453 958 δ’
1499 902 1570 974 ἦν
1625 906 1731 960 ἀπὸ
1785 917 1898 961 τῶν

199 993 459 1063 “Ηρώδου
514 996 731 1063 χρόνων
787 993 920 1046 αὐτὸ
976 991 1287 1062 διαρκέσαι,
1340 992 1444 1045 κᾶν
1497 992 1584 1046 ἐπὶ
1638 999 1898 1050 πλεῖστον

211 1091 342 1147 ἴσως
388 1086 628 1153 ἔμεινεν·
677 1081 900 1151 ἐξεκόπη
950 1080 997 1135 δ’
1030 1083 1138 1135 ὑπὸ
1177 1092 1289 1135 τῶν
1327 1085 1762 1153 παραλαβόντων
1801 1086 1899 1138 τὸν

209 1175 379 1226 τόπον
422 1172 722 1225 Ἰουδαίων.
799 1171 981 1240 <18Ο>
1028 1178 1121 1239 τῆς
1167 1171 1452 1240 φάραγγος
1506 1168 1567 1224 δὲ
1617 1180 1711 1241 τῆς
1763 1173 1900 1225 κατὰ

209 1262 311 1330 τὴν
343 1262 544 1331 ἄρκτον
584 1261 942 1329 περιεχούσης
980 1260 1081 1328 τὴν
1121 1261 1285 1323 πόλιν
1317 1260 1540 1329 Βαάρας
1579 1260 1906 1329 ὀνομάζεταί

209 1370 291 1412 τις
329 1352 517 1414 τόπος,
565 1349 694 1417 φύει
742 1367 798 1401 τε
843 1347 999 1416 ῥίζαν
1040 1347 1346 1416 ὁμωνύμως
1392 1348 1695 1418 λεγομένην
1735 1348 1903 1421 αὐτῷ.

208 1438 393 1507 <181>
432 1437 568 1504 αὕτη
593 1435 782 1511 ,φλογὶ
830 1433 932 1505 μὲν
971 1437 1071 1505 τὴν
1111 1439 1284 1505 χρόαν
1325 1439 1494 1506 ἔοικε,
1540 1436 1665 1506 περὶ
1706 1434 1767 1490 δὲ
1806 1439 1901 1501 τὰς

211 1525 443 1595 ἑσπέρας
475 1524 635 1588 σέλας
667 1525 1130 1595 ἀπαστράπτουσα
1162 1535 1277 1588 τοῖς
1310 1523 1360 1578 τ’
1385 1517 1601 1579 ἐπιοῦσι
1639 1524 1731 1579 καὶ
1770 1529 1902 1595 βου-

210 1614 462 1684 λομένοις
494 1616 684 1681 λαβεῖν
718 1614 890 1682 αὐτὴν
924 1614 1025 1667 οὐκ
1056 1616 1207 1666 ἔστιν
1239 1615 1579 1684 εὐχείρωτος,
1619 1612 1737 1667 ἀλλ’
1767 1614 1902 1668 ὑπο-

210 1705 429 1774 φεύγει,
475 1701 567 1756 καὶ
614 1702 681 1756 οὐ
727 1705 998 1773 πρότερον
1043 1704 1260 1756 ἵσταται
1308 1701 1441 1773 πρὶν
1487 1705 1557 1756 ἄν
1603 1724 1684 1766 τις
1730 1699 1902 1772 οὖρον

209 1794 473 1861 γυναικὸς
519 1790 552 1859 ἢ
591 1793 653 1845 τὸ
694 1793 940 1860 ἔμμηνον
979 1784 1112 1860 αἷμα
1159 1790 1254 1863 χέῃ
1301 1787 1421 1844 κατ’
1460 1791 1641 1861 αὐτῆς.
1721 1792 1903 1860 <182>

211 1881 279 1935 οὐ
325 1882 433 1949 μὴν
474 1879 611 1933 ἀλλὰ
657 1879 748 1933 καὶ
794 1883 916 1933 τότε
955 1891 1070 1943 τοῖς
1118 1879 1420 1949 ἁψαμένοις
1465 1882 1741 1949 πρόδηλός
1787 1880 1902 1934 ἐστι

209 1970 472 2036 θάνατος,
512 1971 563 2021 εἰ
600 1969 672 2038 μὴ
712 1970 868 2039 τύχοι
905 1989 986 2032 τις
1018 1969 1192 2038 αὐτὴν
1226 1968 1441 2037 ἐκείνην
1475 1969 1906 2038 ἐπενεγκάμενος

211 2059 312 2127 τὴν
348 2058 503 2128 ῥίζαν
543 2056 602 2110 ἐκ
640 2065 735 2126 τῆς
772 2060 954 2128 χειρὸς
994 2057 1398 2129 ἀπηρτημένην.
1470 2057 1652 2127 (183)
1692 2057 1905 2111 ἁλίσκε-

210 2168 301 2201 ται
357 2144 417 2199 δὲ
471 2144 562 2199 καὶ
616 2144 746 2199 καθ’
796 2146 984 2216 ἕτερον
1031 2149 1240 2215 τρόπον
1287 2148 1623 2215 ἀκινδύνως,
1678 2147 1737 2210 ὅς
1791 2146 1904 2200 ἐστι

211 2236 447 2290 τοιόσδε.
509 2235 691 2306 κύκλῳ
725 2243 907 2288 πᾶσαν
941 2235 1114 2305 αὐτὴν
1145 2236 1624 2306 περιορύττουσιν,
1657 2236 1730 2298 ὡς
1762 2231 1906 2288 εἶναι

212 2327 274 2378 τὸ
321 2325 702 2394 κρυπτόμενον
751 2331 844 2392 τῆς
892 2324 1040 2393 ῥίζης
1085 2325 1449 2393 βραχύτατον,
1496 2324 1678 2392 <184>
1718 2320 1817 2377 εἶτ’
1851 2322 1905 2387 ἐξ

213 2413 381 2481 αὐτῆς
426 2411 697 2465 ἀποδοῦσι
745 2413 911 2480 κύνα,
965 2412 1223 2466 κάκείνου
1270 2420 1344 2484 τῷ
1394 2413 1625 2481 δήσαντι
1673 2425 1907 2466 συνακο-

214 2506 449 2556 λουθεῖν
481 2500 826 2570 ὁρμήσαντος
861 2501 894 2569 ἢ
935 2498 1036 2570 μὲν
1069 2501 1378 2554 ἀνασπᾶται
1411 2501 1633 2573 ῥᾳδίως,
1671 2487 1908 2568 θνήσκει

215 2585 265 2643 δ’
295 2590 468 2653 εὐθὺς
507 2590 536 2643 ὁ
576 2590 728 2642 κύων
761 2590 943 2660 ὥσπερ
984 2588 1302 2653 ἀντιδοθεὶς
1331 2598 1432 2643 τοῦ
1471 2588 1768 2658 μέλλοντος
1806 2590 1907 2657 τὴν

212 2679 457 2748 βοτάνην
505 2677 934 2748 ἀναιρήσεσθαι·
991 2681 1167 2747 φόβος
1222 2679 1326 2747 γὰρ
1374 2676 1560 2740 οὐδεὶς
1605 2686 1719 2740 τοῖς
1774 2676 1908 2744 μετὰ

213 2774 384 2820 ταῦτα
431 2767 825 2836 λαμβάνουσιν.
915 2768 1095 2835 <185>
1153 2768 1267 2820 ἔστι
1323 2763 1383 2819 δὲ
1439 2767 1572 2835 μετὰ
1626 2766 1907 2820 τοσούτων

212 2855 496 2908 κινδύνων
535 2855 627 2908 διὰ
666 2858 799 2924 μίαν
832 2857 994 2926 ἰσχὺν
1025 2855 1523 2926 περισπούδαστος·
1564 2855 1630 2907 τὰ
1669 2854 1773 2923 γὰρ
1813 2873 1908 2906 κα-

1971 21 2005 167 s

1924 1019 1967 1051 10

1925 1447 2032 1491 15’

1928 1902 1974 1934 20

1931 2345 1975 2377 25

1932 2787 1977 2819 30
