2032 3128
753 103 964 145 ΛΟΓΟΣ
995 104 1196 144 ΕΚΤΟΣ
1743 99 1812 151 89

131 243 241 287 τῶν
288 235 471 287 ἄλλων
518 234 760 302 εὐγενῶν
806 243 921 298 τοῖς
968 234 1280 304 ἀρχιερεῦσι
1321 235 1810 304 συμμετεβάλοντο.

129 323 311 391 <115>
328 325 543 392 Καῖσαρ
570 321 616 375 δ’
650 323 851 386 αὐτοὺς
873 323 939 376 τά
961 321 1008 376 τ’
1031 324 1170 376 ἄλλα
1194 327 1549 394 φιλοφρόνως
1575 322 1810 390 ἐδέξατο,

130 409 220 462 καὶ
254 411 576 479 γιγνώσκων
617 409 727 482 (ἐν)
760 410 1096 481 ἀλλοφύλοις
1133 413 1333 480 ἤθεσιν
1374 412 1513 481 ἀηδῆ
1553 412 1653 480 τὴν
1694 412 1812 464 δια-

128 500 323 568 τριβὴν
363 497 503 562 ἕξειν
545 497 860 568 ἀπέπεμψεν
900 499 1103 562 αὐτοὺς
1132 501 1212 562 εἰς
1242 502 1492 568 Γόφναν,
1533 499 1667 562 τέως
1704 499 1817 552 ἐκεῖ

84 606 104 639 5
129 596 415 656 παραινῶν
454 585 663 655 μένειν·
726 587 1037 641 ἀποδώσειν
1075 589 1179 657 γὰρ
1221 586 1428 661 ἑκάστῳ
1466 589 1562 651 τὰς
1598 590 1814 656 κτήσεις

129 678 263 739 κατὰ
311 676 516 744 σχολὴν
561 674 667 728 ἀπὸ
713 684 813 729 τοῦ
858 675 1102 744 πολέμου
1152 679 1464 745 γενόμενος.
1540 677 1720 745 <116>
1759 679 1818 729 οἳ

129 761 230 832 μὲν
281 759 385 816 οὐν
435 765 513 826 εἰς
562 765 623 816 τὸ
675 762 848 818 δοθὲν
897 767 1190 834 πολίχνιον
1239 766 1371 832 μετὰ
1417 765 1592 832 πάσης
1637 764 1813 833 ἀσφα-

128 855 277 914 λείας
326 851 647 921 ἀνεχώρουν
696 853 945 921 ἄσμενοι·
1009 855 1082 922 μὴ
1130 852 1485 922 φαινομένων
1535 850 1584 905 δ’
1631 853 1814 905 αὐτῶν

129 941 465 1009 διεφήμισαν
506 941 566 993 οἱ
600 939 919 993 στασιασταὶ
964 942 1132 994 πάλιν
1179 942 1252 1004 ὡς
1295 941 1668 1011 ἀποσφαγεῖεν
1706 941 1814 994 ὑπὸ

61 1049 105 1082 ιο
120 1026 402 1096 Ῥωμαίων
442 1029 501 1080 οἱ
536 1028 860 1097 αὐτόμολοι,
908 1031 1080 1097 δῆλον
1128 1029 1212 1082 ὅτι
1251 1033 1380 1092 τοὺς
1418 1031 1645 1092 λοιποὺς
1683 1028 1816 1082 ἀπο-

126 1115 419 1187 τρέποντες
463 1124 537 1188 τςό
583 1120 741 1190 φόβῳ
783 1119 1213 1184 διαδιδράσκειν.
1289 1118 1474 1187 <117>
1511 1119 1718 1186 ἤνυστο
1760 1116 1810 1169 δ’

127 1206 201 1268 ὡς
238 1204 330 1259 καὶ
368 1208 642 1276 πρότερον
688 1206 874 1269 αὐτοῖς
911 1208 972 1260 τὸ
1020 1208 1386 1276 πανούργημα
1424 1207 1561 1276 πρὸς
1599 1207 1814 1276 καιρόν·

128 1293 505 1364 ἐπεσχέθησαν
543 1295 648 1363 γὰρ
687 1294 796 1348 ὑπὸ
835 1303 935 1349 τοῦ
975 1293 1137 1358 δέους
1176 1295 1519 1363 αὐτομολεῖν.

237 1383 419 1452 <118>
459 1379 625 1446 αὖθις
665 1381 742 1450 δ’,
789 1383 863 1446 ὡς
910 1382 1250 1446 ἀνακαλέσας
1294 1386 1426 1446 τοὺς
1464 1383 1674 1452 ἄνδρας
1711 1381 1816 1436 ἀπὸ

62 1491 104 1524 15
127 1479 222 1540 τῆς
255 1474 479 1542 Γόφνας
525 1475 683 1535 Τίτος
722 1471 972 1525 ἐκέλευσε
1006 1473 1138 1541 μετὰ
1177 1479 1277 1525 τοῦ
1307 1470 1574 1539 Ἰωσήπου
1605 1475 1819 1540 περιελ-

126 1562 335 1623 θόντας
380 1562 440 1614 τὸ
488 1571 665 1630 τεῖχος
703 1561 954 1631 ὀφθῆναι
993 1567 1067 1631 τῷ
1112 1561 1293 1633 δήμῳ,
1348 1560 1531 1628 <119>
1570 1564 1819 1613 πλεῖστοι

126 1650 262 1715 πρὸς
307 1651 437 1711 τοὺς
475 1647 774 1718 Ῥωμαίους
820 1651 1073 1718 ἔφευγον.
1153 1651 1476 1717 γιγνόμενοι
1527 1646 1577 1701 δ’
1616 1647 1819 1719 ἀθρόοι
1875 1646 1878 1652 ’

125 1736 216 1789 καὶ
249 1737 356 1806 πρὸ
395 1746 507 1790 τῶν
540 1735 821 1806 Ῥωμαίων
863 1737 1145 1806 ἱστάμενοι
1178 1735 1291 1806 μετ’
1331 1739 1573 1806 οἰμωγῆς
1602 1735 1692 1790 καὶ
1725 1737 1821 1789 δα-

125 1826 315 1897 κρύων
362 1824 609 1879 ἱκέτευον
655 1829 785 1889 τοὺς
833 1827 1160 1888 στασιαστὰς
1206 1827 1267 1879 τὸ
1317 1823 1419 1894 μὲν
1459 1834 1679 1895 πρῶτον
1720 1826 1820 1896 ὅλῃ

8 1931 15 1935 “
61 1935 104 1968 20
127 1916 257 1977 τοὺς
286 1909 586 1983 Ῥωμαίους
634 1914 902 1979 δέξασθαι
952 1922 1016 1985 τῇ
1065 1917 1251 1983 πόλει,
1300 1913 1392 1967 καὶ
1438 1914 1538 1982 τὴν
1584 1915 1822 1984 πατρίδα

129 2011 303 2055 σῶσαι
349 2003 542 2071 πάλιν,
601 2003 784 2071 <120>
824 2005 876 2056 εἰ
921 2000 982 2055 δὲ
1021 2006 1121 2072 μή,
1167 2010 1267 2055 τοῦ
1315 2000 1362 2070 γ’
1406 2003 1559 2073 ἱεροῦ
1604 2003 1822 2065 πάντως

126 2089 454 2154 ὑπεξελθεῖν
493 2089 584 2144 καὶ
624 2091 905 2160 ῥύσασθαι
943 2093 1042 2144 τὸν
1083 2092 1225 2144 ναὸν
1263 2090 1473 2154 αὐτοῖς·
1515 2090 1583 2144 οὐ
1614 2092 1719 2162 γὰρ
1753 2091 1822 2144 ἂν

126 2183 396 2247 τολμῆσαι
435 2178 735 2249 Ῥωμαίους
781 2181 853 2249 μὴ
901 2181 1033 2250 μετὰ
1080 2182 1336 2249 μεγίστης
1382 2179 1625 2248 ἀνάγκης
1661 2199 1823 2233 κατα-

126 2266 319 2336 φλέξαι
373 2269 439 2321 τὰ
494 2269 638 2336 ἅγια.
716 2268 901 2338 <121>
938 2269 1154 2332 τούτοις
1208 2273 1420 2337 μᾶλλον
1476 2268 1824 2338 ἀντεφιλονί-

60 2378 103 2411 25
127 2376 292 2425 κουν,
330 2356 423 2409 καὶ
456 2359 635 2411 πολλὰ
666 2358 966 2427 βλάσφημα
997 2367 1114 2420 τοῖς
1145 2357 1474 2427 αὐτομόλοις
1506 2357 1824 2427 ἀντικεκρα-

54 2486 58 2491 .
128 2446 284 2512 γότες
340 2444 428 2498 ἐπὶ
482 2455 594 2499 τῶν
651 2447 817 2515 ἱερῶν
869 2450 1064 2499 πυλῶν
1117 2447 1248 2509 τούς
1301 2444 1348 2498 τ’
1403 2445 1682 2514 ὀξυβελεῖς
1733 2444 1824 2498 καὶ

127 2532 463 2597 καταπέλτας
499 2533 593 2588 καὶ
633 2537 972 2603 λιθοβόλους
1011 2536 1257 2605 μηχανὰς
1297 2533 1611 2603 διέστησαν,
1652 2534 1725 2597 ὡς
1763 2536 1825 2587 τὸ

127 2622 312 2695 κύκλῳ
360 2620 463 2692 μὲν
512 2623 664 2693 ἱερὸν
711 2624 820 2677 ὑπὸ
867 2625 1123 2692 πλήθους
1171 2633 1387 2693 νεκρῶν
1440 2621 1827 2693 προσεοικέναι

125 2712 504 2785 πολυανδρίῳ,
543 2714 645 2766 τὸν
684 2709 924 2766 δὲ’ναὸν
958 2711 1131 2765 αὐτὸν
1166 2714 1435 2782 φρουρίῳ.
1496 2711 1682 2780 <122>
1712 2720 1829 2774 τοῖς

60 2819 104 2851 30
129 2795 178 2850 δ’
234 2797 414 2867 ἁγίοις
466 2799 562 2854 καὶ
613 2800 839 2870 ἀβάτοις
898 2801 1032 2870 μετὰ
1085 2811 1197 2854 τῶν
1256 2801 1446 2854 ὅπλων
1500 2801 1829 2868 εἰσεπήδων,

127 2888 342 2957 θερμὰς
392 2890 471 2942 ἔτι
520 2890 616 2952 τὰς
664 2898 850 2960 χεῖρας
901 2888 955 2953 ἐξ
1004 2889 1307 2959 ὁμοφύλων
1354 2890 1574 2959 ἔχοντες
1612 2890 1828 2957 φόνων·
