2032 3128
659 143 662 146 ⁴
733 122 944 164 ΛΟΓΟΣ
977 123 1176 164 ΕΚΤΟΣ
1701 121 1812 172 117

128 253 498 316 ἀπολαύοντες
543 252 630 307 ἐπὶ
678 258 807 317 τοὺς
851 257 1232 324 παρασχόντας
1277 255 1538 324 ἠνέγκατε
1585 257 1682 308 τὸν
1721 258 1812 308 κό-

125 361 252 411 ρον,
284 340 375 393 καὶ
402 343 564 410 δίκην
594 351 705 395 τῶν
729 342 1110 396 ἀτιθασεύτων
1147 341 1389 413 ἑρπετῶν
1420 354 1533 407 τοῖς
1557 347 1812 397 σαίνουσι

124 431 221 482 τὸν
255 431 343 482 ἰὸν
377 429 696 499 ἐναφήκατε.
773 431 955 500 <337>
993 433 1130 483 ἔστω
1167 439 1332 498 γοῦν,
1371 433 1812 499 κατεφρονήσατε

123 525 218 583 τῆς
248 516 515 586 Νέρωνος
547 518 844 589 ῥᾳθυμίας,
884 517 974 571 καὶ
1013 518 1263 586 καθάπερ
1297 518 1546 587 ῥήγματα
1578 519 1611 587 ἢ
1643 519 1813 571 σπάσ-

79 628 99 659 5
125 624 267 673 ματα
317 606 415 657 τὸν
462 606 633 658 ἄλλον
680 609 884 674 χρόνον
931 609 1223 674 κακοήθως
1262 606 1594 675 ἠρεμοῦντες
1641 605 1701 659 ἐν
1747 615 1812 676 τῇ

123 695 330 761 μείζονι
382 695 531 765 νόσῳ
587 694 913 762 διεφάνητε,
967 693 1057 748 καὶ
1105 696 1243 763 πρὸς
1295 693 1519 756 ἐλπίδας
1570 694 1815 758 ἀναιδεῖς

121 780 208 834 καὶ
260 780 529 850 ἀμέτρους
575 781 872 845 ἐξετείνατε
919 783 1014 844 τὰς
1060 781 1369 850 ἐπιθυμίας.
1448 782 1644 851 <338>
1682 779 1814 851 ἧκεν

122 870 151 923 ὁ
184 870 360 938 πατὴρ
401 869 573 939 οὑμὸς
607 871 686 932 εἰς
716 872 818 938 τὴν
849 871 1055 940 χώραν,
1096 869 1163 922 οὐ
1196 873 1644 939 τιμωρησόμενος
1674 871 1816 938 ὑμᾶς

119 967 231 1010 τῶν
285 959 421 1010 κατὰ
470 957 734 1027 Κέστιον,
789 958 927 1011 ἀλλὰ
980 961 1358 1028 νουθετήσων.
1435 959 1631 1028 <339>
1687 957 1815 1012 δέον

56 1069 98 1100 10
121 1054 285 1115 γοῦν,
327 1051 478 1115 εἴπερ
520 1044 599 1100 ἐπ’
642 1046 938 1100 ἀναστάσει
969 1055 1068 1100 τοῦ
1102 1049 1309 1110 ἔθνους
1346 1056 1549 1115 παρῆν,
1589 1045 1675 1100 ἐπὶ
1715 1049 1815 1116 τὴν

122 1135 276 1204 ῥίζαν
315 1134 473 1204 ὑμῶν
522 1136 752 1204 δραμεῖν
792 1133 882 1188 καὶ
923 1136 1126 1203 ταύτην
1176 1135 1473 1204 ἐκπορθεῖν
1511 1137 1613 1204 τὴν
1651 1138 1816 1189 πόλιν

75 1286 79 1290 .
120 1222 360 1291 εὐθέως,
410 1223 439 1276 ὃ
490 1220 551 1277 δὲ
598 1226 904 1277 Γαλιλαίαν
951 1221 1121 1295 ἐδῄου
1172 1222 1263 1277 καὶ
1310 1225 1376 1277 τὰ
1413 1223 1596 1294 πέριξ,
1642 1223 1816 1277 ἐπιδι-

120 1312 253 1374 δοὺς
291 1311 426 1381 ὑμῖν
464 1314 670 1381 χρόνον
720 1314 798 1374 εἰς
845 1311 1220 1380 μεταμέλειαν.
1296 1312 1478 1383 <34Ο>
1517 1310 1638 1366 ἀλλ’
1682 1314 1817 1382 ὑμῖν

118 1399 384 1453 ἀσθένεια
431 1402 492 1454 τὸ
541 1401 950 1469 φιλάνθρωπον
1003 1400 1209 1468 ἐδόκει,
1264 1400 1367 1453 κάκ
1413 1409 1509 1469 τῆς
1554 1400 1818 1472 ἡμετέρας

51 1511 94 1557 15
118 1491 425 1560 πραότητος
470 1490 573 1556 τὴν
620 1491 826 1558 τόλμαν
875 1488 1228 1557 ἐπεθρέψατε.
1306 1489 1503 1559 <341>
1553 1489 1818 1560 Νέρωνος

119 1576 414 1647 οἰχομένου
453 1575 614 1631 τοῦθ’
653 1579 787 1647 ὅπερ
838 1577 1003 1647 ἐχρῆν
1047 1580 1177 1640 τοὺς
1219 1579 1633 1647 πονηροτάτους
1672 1578 1817 1632 ἐποι-

118 1668 315 1734 ήσατε,
369 1675 488 1728 ταῖς
535 1665 825 1735 ἐμφυλίοις
870 1667 1028 1734 ἡμῶν
1079 1676 1337 1736 ταραχαῖς
1388 1666 1818 1737 ἐπεθαρρήσατε,

117 1753 209 1807 καὶ
256 1753 653 1823 χωρισθέντων
700 1756 779 1817 εἰς
824 1754 926 1822 τὴν
965 1759 1253 1822 Αἴγυπτον
1302 1754 1438 1824 ἐμοῦ
1483 1775 1540 1808 τε
1579 1753 1671 1808 καὶ
1718 1763 1818 1808 τοῦ

116 1845 321 1910 πατρὸς
353 1845 431 1905 εἰς
461 1843 810 1910 παρασκευὰς
842 1850 942 1896 τοῦ
981 1842 1226 1911 πολέμου
1258 1844 1672 1912 κατεχρήσασθε
1703 1853 1819 1905 τοῖς

7 1935 10 1936 ’
50 1954 94 1986 20
116 1941 360 2000 καιροῖς,
421 1929 514 1984 καὶ
571 1931 673 1985 οὐκ
728 1929 1005 2001 ᾐδέσθητε
1064 1931 1354 1999 ταράττειν
1408 1931 1818 2002 αὐτοκράτορας

117 2019 521 2088 γεγενημένους
561 2019 661 2082 οὓς
699 2018 791 2072 καὶ
831 2023 1170 2088 στρατηγοὺς
1202 2021 1642 2090 φιλανθρώπους
1676 2019 1818 2072 ἐπει-

118 2109 337 2178 ράσατε.
413 2108 596 2177 <342>
635 2110 1069 2177 προσφυγούσης
1114 2118 1255 2176 γοῦν
1302 2108 1436 2177 ἡμῖν
1481 2115 1576 2177 τῆς
1620 2108 1818 2176 ἠγεμοε

118 2200 266 2264 νίας,
316 2196 406 2249 καὶ
452 2207 564 2250 τῶν
611 2193 714 2266 μὲν
752 2199 888 2250 κατὰ
928 2197 1136 2267 ταύτην
1174 2197 1534 2266 ἠρεμούντων
1575 2197 1818 2265 πάντων,

116 2284 578 2355 πρεσβευομένων
604 2282 666 2338 δὲ
690 2284 781 2338 καὶ
807 2285 1206 2355 συνηδομένων
1233 2295 1343 2339 τῶν
1367 2285 1580 2350 ἔξωθεν
1611 2284 1818 2352 ἐθνῶν,

51 2396 93 2429 25
117 2374 286 2427 πάλιν
326 2375 384 2427 οἱ
414 2375 675 2428 Ἰουδαῖοι
713 2373 993 2442 πολέμιοι,
1039 2374 1221 2444 <343>
1258 2373 1350 2427 καὶ
1388 2377 1674 2443 πρεσβεῖαι
1714 2370 1816 2442 μὲν

113 2461 272 2531 ὑμῶν
312 2465 449 2528 πρὸς
488 2465 620 2525 τοὺς
657 2460 797 2532 ὑπὲρ
838 2462 1144 2532 Εὐφράτην
1185 2461 1273 2516 ἐπὶ
1313 2469 1684 2534 νεωτερισμῷ,
1722 2481 1816 2514 πε-

115 2553 333 2619 ρίβολοι
383 2548 444 2604 δὲ
490 2560 689 2620 τειχῶν
744 2550 1280 2620 ἀνοικοδομούμενοι
1333 2554 1543 2618 καινοί,
1600 2551 1816 2612 στάσεις

115 2635 176 2691 δὲ
230 2637 322 2691 καὶ
376 2639 672 2709 τυράννων
727 2642 1035 2708 φιλονικίαι
1093 2639 1184 2693 καὶ
1238 2642 1477 2708 πόλεμος
1532 2639 1816 2708 ἐμφύλιος,

113 2729 258 2796 μόνα
303 2737 420 2790 τοῖς
467 2728 611 2781 οὕτω
653 2738 920 2796 πονηροῖς
957 2727 1251 2795 πρέποντα,
1329 2727 1510 2797 <344>
1549 2722 1687 2795 ἧκον
1727 2725 1816 2779 ἐπὶ

44 2838 89 2870 30
112 2816 214 2884 τὴν
253 2819 419 2869 πόλιν
461 2815 596 2885 ἐγώ,
635 2817 784 2885 παρὰ
823 2824 924 2870 τοῦ
963 2818 1170 2887 πατρὸς
1208 2819 1439 2879 ἄκοντος
1470 2815 1659 2885 λαβὼν
1692 2829 1817 2868 σκυ-

112 2905 314 2972 θρωπὰ
364 2905 820 2975 παραγγέλματα·
890 2906 989 2958 τὸν
1044 2906 1223 2974 δῆμον
1275 2904 1515 2966 ἀκούσας
1565 2904 1814 2972 εἰρηνικὰ
1907 2939 1910 2942 -
