2032 3128
697 119 905 161 ΛΟΓΟΣ
937 120 1258 162 ΠΡοΤΕΡοΣ
1710 120 1816 171 227

136 252 438 306 ἀπόστασιν
491 255 730 321 ἔχοντες,
791 253 1035 322 ἡγεμόνα
1096 253 1279 306 αὑτῶν
1333 256 1633 324 λεγόμενόν
1691 275 1815 308 τινα

135 351 245 394 τῶν
286 340 689 394 τΗλιοπολιτιῗιν
736 339 926 410 ι”ερέων
974 338 1304 411 Ὀσάρσιφον
1351 342 1673 412 ἐστήσαντο,
1726 343 1816 397 καὶ

134 431 308 501 τούτῳ
347 431 813 498 πειθαρχήσοντες
852 428 911 482 ἐν
949 435 1119 481 πᾶσιν
1155 429 1576 499 ὡρκωμότησαν.
1637 432 1816 500 <239>

134 516 163 569 ὃ
211 514 272 570 δὲ
317 522 536 584 πρῶτον
583 514 683 586 μὲν
730 517 916 579 αὐτοῖς
967 519 1143 584 νόμον
1189 519 1371 571 ἔθετο
1397 521 1530 587 μήτε
1575 535 1815 587 προσκυ-

88 634 107 665 5
134 615 252 659 νεῖν
289 608 458 668 θεοὺς
503 608 635 674 μήτε
678 615 788 658 τῶν
827 605 1059 674 μάλιστα
1100 604 1160 657 ἐν
1192 607 1456 679 Αἰγύπτῳ
1494 612 1817 676 θεμιστεύο-

132 693 314 761 μένων
347 694 510 763 ἱερῶν
545 692 693 765 ζῴων
726 691 1025 762 ἀπέχεσθαι
1061 694 1314 762 μηδενός,
1351 694 1529 747 πάντα
1560 714 1617 747 τε
1651 696 1815 748 θύειν

131 781 221 835 καὶ
261 783 522 848 ἀναλοῦν,
566 781 942 833 συνάπτεσθαι
982 778 1044 833 δὲ
1083 779 1281 849 μηδενὶ
1317 783 1463 850 πλὴν
1500 791 1611 835 τῶν
1652 798 1815 837 συνο-

130 869 522 939 μωμοσμένων.
612 869 793 937 <24Ο>
853 877 1078 922 τοιαῦτα
1148 866 1210 921 δὲ
1277 871 1656 938 νομοθετήσας
1724 871 1815 924 καὶ

128 963 353 1012 πλεῖστα
393 959 550 1025 ἄλλα,
589 958 822 1026 μάλιστα
858 966 974 1019 τοῖς
1004 958 1335 1024 Αἰγυπτίοις
1373 956 1626 1027 ἐθισμοῖς
1658 957 1841 1011 ἐναν-,

64 1077 105 1107 10
129 1048 416 1115 τιούμενα,
479 1045 729 1099 ἐκέλευσε
791 1048 1115 1117 πολυχειρίᾳ
1167 1047 1233 1099 τὰ
1286 1053 1383 1115 τῆς
1434 1049 1646 1109 πόλεως
1700 1047 1814 1101 ἐπι-

128 1136 408 1200 σκευάζειν
453 1138 600 1204 τείχη
648 1132 738 1187 καὶ
784 1136 920 1202 πρὸς
964 1136 1209 1203 πόλεμον
1257 1133 1512 1203 ἑτοίμους
1556 1139 1814 1203 γίνεσθαι

126 1228 223 1279 τὸν
276 1227 413 1293 πρὸς
461 1222 769 1292 Ἀμένωφιν
821 1224 920 1276 τὸν
974 1222 1218 1291 βασιλέα.
1303 1223 1485 1293 <241>
1531 1223 1695 1287 αὐτὸς
1750 1222 1811 1277 δὲ

124 1315 572 1383 προσλαβόμενος
611 1310 739 1381 μεθ’
766 1309 968 1365 ἑαυτοῦ
1005 1310 1096 1364 καὶ
1135 1319 1246 1365 τῶν
1278 1313 1462 1365 ἄλλων
1495 1311 1691 1381 ἱερέων
1721 1311 1813 1366 καὶ

125 1400 620 1471 συμμεμιασμένων
660 1403 863 1469 ἔπεμψε
912 1397 1167 1470 πρέσβεις
1212 1402 1349 1469 πρὸς
1394 1403 1525 1464 τοὺς
1570 1401 1678 1454 ὑπὸ
1719 1404 1814 1454 Τε-

63 1518 104 1549 15
125 1493 394 1559 θμώσεως
431 1488 806 1551 ἀπελαθέντας
850 1487 1114 1557 ποιμένας
1151 1490 1230 1552 εἰς
1270 1491 1436 1542 πόλιν
1475 1491 1576 1558 τὴν
1614 1494 1812 1543 καλου-

125 1579 299 1649 μένην
324 1578 692 1649 Ἱεροσόλυμα,
725 1577 816 1630 καὶ
847 1578 912 1630 τὰ
943 1575 1071 1630 καθ’
1097 1576 1296 1631 ἑαυτὸν
1327 1576 1419 1631 καὶ
1450 1581 1580 1641 τοὺς
1610 1579 1813 1641 ἄλλους

123 1672 253 1731 τοὺς
276 1665 786 1735 συνατιμασθέντας
818 1668 1070 1735 δηλώσας
1101 1665 1258 1735 ἠξίου
1291 1668 1812 1734 συνεπιστρατεύειν

123 1757 487 1825 ὁμοθυμαδὸν
538 1753 622 1808 ἐπ’
670 1761 971 1822 Αἴγυπτον.
1057 1756 1239 1824 <242>
1293 1754 1511 1819 ἐπάξειν
1558 1753 1659 1824 μὲν
1706 1751 1810 1809 οὖν

122 1845 324 1909 αὐτοὺς
370 1844 727 1914 ἐπηγγείλατο
765 1853 986 1914 πρῶτον
1025 1840 1127 1913 μὲν
1167 1845 1243 1907 εἰς
1281 1844 1502 1910 Αὔαριν
1540 1846 1640 1912 τὴν
1677 1862 1810 1913 προ-

54 1960 96 1992 20
121 1935 351 2003 γονικὴν
392 1934 575 1987 αὐτῶν
614 1934 877 2002 πατρίδα,
924 1931 1015 1986 καὶ
1053 1934 1120 1985 τὰ
1158 1932 1438 2002 ἐπιτήδεια
1476 1942 1590 1995 τοῖς
1629 1935 1811 2002 ὄχλοις

118 2022 373 2091 παρέξειν
421 2023 712 2092 ἀφθόνως,
766 2022 1254 2092 ὑπερμαχήσεσθαι
1300 2017 1352 2074 δ’
1390 2022 1478 2075 ὅτε
1527 2021 1671 2090 δεόι,
1718 2020 1809 2075 καὶ

119 2113 327 2183 ῥᾳδίως
365 2111 687 2181 ὑποχείριον
719 2111 908 2173 αὐτοῖς
945 2112 1048 2179 τὴν
1080 2111 1266 2180 χώραν
1297 2112 1564 2180 ποιήσειν.
1628 2111 1810 2178 <243>

119 2203 176 2253 οἳ
205 2199 254 2251 δ’
279 2201 606 2269 ὑπερχαρεῖς
637 2202 928 2268 γενόμενοι
959 2199 1160 2261 πάντες
1188 2200 1496 2268 προθύμως
1525 2201 1604 2262 εἰς
1635 2204 1808 2253 εἴκοσι

117 2289 389 2358 μυριάδας
443 2287 664 2358 ἀνδρῶν
721 2286 1179 2357 συνεξώρμησαν,
1232 2286 1322 2340 καὶ
1377 2284 1495 2357 μετ’
1542 2288 1610 2342 οὐ
1664 2291 1806 2341 πολὺ

51 2401 93 2433 25
118 2374 254 2445 ἧκον
293 2379 372 2439 εἰς
407 2377 642 2444 Αὔαριν.
713 2372 1017 2445 Ἀμένωφις
1057 2373 1105 2429 δ’
1139 2376 1167 2430 ὁ
1206 2386 1317 2429 τῶν
1349 2378 1673 2445 Αἰγυπτίων
1710 2380 1807 2445 βα-

119 2468 305 2528 σιλεὺς
351 2466 424 2527 ὡς
470 2464 707 2518 ἐπύθετο
753 2467 820 2517 τὰ
869 2466 1005 2517 κατὰ
1051 2466 1152 2534 τὴν
1193 2466 1418 2519 ἐκείνων
1466 2467 1691 2534 ἔφοδον,
1739 2465 1806 2518 οὐ

117 2557 346 2624 μετρίως
386 2555 687 2623 συνεχύθη,
726 2562 821 2622 τῆς
857 2549 985 2623 παρ’
1022 2551 1379 2623 Ἀμενώφεως
1418 2562 1516 2608 τοῦ
1552 2554 1806 2616 Παάπιος

116 2641 386 2711 μνησθεὶς
423 2643 838 2712 προδηλώσεως.
914 2642 1094 2710 <244>
1134 2641 1225 2695 καὶ
1263 2645 1532 2712 πρότερον
1566 2657 1804 2710 συναγα-

116 2733 229 2799 γὼν
268 2735 485 2800 πλῆθος
523 2734 864 2799 Αἰγυπτίων,
911 2729 1002 2784 καὶ
1042 2732 1485 2800 βουλευσάμενος
1522 2732 1654 2800 μετὰ
1693 2740 1804 2783 τῶν

49 2841 93 2874 30
119 2819 180 2873 ἐν
217 2822 432 2883 τούτοις
469 2819 776 2889 ἡγεμόνων,
814 2819 880 2871 τά
919 2839 975 2873 τε
1017 2820 1135 2889 ἱερὰ
1177 2823 1284 2891 ζῷα
1323 2820 1388 2872 τὰ
1430 2819 1664 2888 [πρῶτα]
1705 2819 1803 2887 μά-

116 2914 272 2962 λιστα
299 2908 360 2961 ἐν
383 2919 497 2972 τοῖς
522 2909 690 2978 ἱεροῖς
713 2910 990 2977 τιμώμενα
1016 2909 1088 2972 ὥς
1109 2896 1165 2977 ’γ’
1188 2907 1385 2962 ἑαυτὸν
1410 2906 1802 2977 μετεπέμψατο,

1448 2995 1534 3037 15*
