2032 3128
740 132 950 174 ΛΟΓΟΣ
981 133 1302 174 ΠΡοΤΕΡοΣ
1759 128 1869 182 215

192 263 248 317 ἐκ
290 272 384 332 τῆς
421 262 690 333 Ἑβραίων
729 268 1275 335 μεθερμηνευόμενος
1322 263 1638 333 διαλέκτου,
1686 266 1871 334 δῶρον

190 357 341 406 θεοῦ.

299 441 478 510 <168>
524 439 615 494 καὶ
666 443 775 511 μὴν
823 441 943 496 οὐδ’
991 440 1290 510 “Ηρόδοτος
1335 443 1365 496 ὁ
1412 441 1874 512 Ἁλικαρνασσεὺς

191 529 458 598 ἠγνόηκεν
505 529 660 598 ἡμῶν
698 531 759 583 τὸ
807 533 998 598 ἔθνος,
1044 530 1182 583 ἀλλὰ
1228 533 1411 603 τρόπω
1458 529 1568 583 τινὶ
1615 534 1873 599 φαίνεται

146 638 168 670 5
192 616 543 686 μεμνημένος.
606 617 732 688 περὶ
771 620 875 687 γὰρ
909 621 1143 689 Κόλχων
1178 620 1412 689 ἱστορῶν
1446 619 1506 672 ἐν
1537 626 1600 688 τῇ
1643 617 1873 689 δευτέρᾳ

190 707 363 778 βίβλῳ
401 705 574 775 φησὶν
608 707 794 770 οὕτως.
867 709 1048 776 <169>
1089 709 1308 776 (μοῦνοι
1349 706 1409 760 δὲ
1447 706 1696 760 πάντων’
1737 704 1874 776 φησὶ

191 792 417 864 Ἵζόλχοι
478 793 567 848 καὶ
621 797 919 864 Αἰγύπτιοι
978 795 1069 849 καὶ
1122 795 1396 858 Αἰθίοπες
1455 792 1874 863 περιτέμνονται

188 881 281 934 ἀπ’
321 883 488 952 ἀρχῆς
532 884 597 936 τὰ
645 886 844 937 αι’δοϊα.
925 888 1183 947 Φοίνικες
1230 881 1291 937 δὲ
1337 882 1428 937 καὶ
1469 884 1673 952 Σύριοι
1713 883 1771 936 oc
1813 881 1876 935 ἐν

187 978 251 1040 τῇ
293 975 656 1042 Παλαιστίνῃ,
694 971 785 1025 καὶ
826 971 983 1026 αὐτοὶ
1022 973 1357 1042 ὁμολογοῦσι
1395 967 1520 1041 παρ’
1554 973 1875 1039 Αἰγυπτίων

116 1080 164 1111 ,ιο
188 1059 581 1133 μεμαθηκέναι.
657 1062 838 1129 <170>
886 1062 1089 1131 Σύριοι
1137 1058 1197 1113 δὲ
1245 1062 1303 1113 οἱ
1342 1059 1465 1130 περὶ
1505 1060 1876 1130 Θερμώδοντα

187 1145 278 1199 καὶ
318 1147 646 1217 Παρθένιον
692 1152 958 1219 ποταμόν,
1002 1148 1092 1202 καὶ
1139 1149 1448 1220 Μάκρωνες
1495 1149 1553 1202 oc
1593 1148 1875 1201 τούτοισιν

187 1235 570 1304 ἀστυγείτονες
615 1239 793 1307 ὄντες,
840 1238 946 1292 ἀπὸ
995 1241 1228 1308 Κόλχων
1274 1237 1410 1307 φασὶ
1460 1235 1657 1291 νεωστὶ
1707 1255 1876 1305 μεμα-

186 1323 436 1393 θηκέναι.
515 1322 667 1379 οὗτοι
715 1327 820 1396 γάρ
869 1328 1010 1380 εἰσιν
1055 1327 1113 1380 οί
1153 1329 1609 1397 περιτεμνόμενοι
1656 1325 1877 1392 ἀνθρώ-

186 1432 307 1466 πων
347 1422 567 1484 μοῦνοι,
609 1413 698 1468 καὶ
740 1412 895 1469 οὗτοι
926 1417 1282 1484 Αἰγυπτίοισι
1321 1419 1617 1485 φαίνονται
1654 1422 1877 1468 ποιεῦν-

119 1523 161 1555 15
186 1522 273 1565 τες
318 1504 454 1555 κατὰ
499 1503 684 1557 ταύτά.
763 1504 945 1557 αὐτῶν
989 1502 1051 1558 δὲ
1088 1507 1413 1572 Αἰγυπτίων
1450 1503 1542 1558 καὶ
1581 1505 1878 1556 Αἰθιόπων

187 1591 289 1643 οὐκ
335 1593 440 1661 ἔχω
480 1594 656 1646 εἰπεῖν
696 1593 945 1663 ὁκότεροι
990 1595 1136 1659 παρὰ
1176 1603 1287 1646 τῶν
1327 1592 1530 1664 ἑτέρων
1570 1589 1877 1661 ἐξέμαθον.’

187 1680 370 1748 <171>
411 1680 619 1734 οὐκοῦν
658 1687 841 1751 εἴρηκε
880 1682 1105 1751 Σύρους
1151 1683 1280 1743 τοὺς
1323 1680 1386 1734 έν
1425 1689 1489 1751 τῇ
1530 1683 1876 1750 Παλαιστίνῃ

183 1766 635 1837 περιτέμνεσθαι·
675 1779 787 1823 τῶν
820 1768 882 1822 δὲ
920 1770 1021 1838 τὴν
1055 1772 1437 1838 Παλαιστίνην
1468 1770 1879 1849 κατοικούντων

185 1858 346 1925 μόνοι
381 1865 544 1910 τοῦτο
579 1865 838 1911 ποιοῦσιν
870 1857 1150 1912 Ἰουδαῖοι.
1212 1867 1374 1912 τοῦτο
1408 1860 1514 1927 ἄρα
1552 1858 1878 1927 γιγνώσκων

118 1967 160 1999 20
185 1951 367 2016 εἴρηκε
406 1944 532 2016 περὶ
572 1947 769 1999 αὐτῶν.
1192 1954 1197 1956 “

298 2036 480 2103 <172>
511 2034 602 2088 καὶ
636 2039 896 2106 Χοιρίλος
929 2034 977 2088 δ’
1003 2035 1356 2106 ἀρχαιότερος
1394 2038 1692 2104 γενόμενος
1721 2052 1879 2104 ποιη-

184 2125 279 2192 τὴς
329 2121 596 2192 μέμνηται
642 2131 741 2176 τοῦ
790 2126 994 2185 ἔθνους
1047 2124 1228 2193 ἡμῶν,
1284 2123 1368 2176 ὅτι
1417 2124 1879 2192 συνεστράτευται

185 2211 361 2282 Ξέρξῃ
415 2221 489 2284 τῷ
537 2216 774 2280 Περσῶν
821 2216 1043 2280 βασιλεῖ
1093 2211 1181 2266 ἐπὶ
1234 2213 1334 2281 τὴν
1382 2212 1632 2265 Ἑλλάδα.
1717 2232 1879 2266 κατα-

185 2301 603 2371 ριθμησάμενος
649 2301 754 2371 γὰρ
802 2302 979 2354 πάντα
1025 2302 1090 2354 τὰ
1139 2304 1279 2371 ἔθνη
1326 2305 1642 2355 τελευταῖον
1680 2300 1771 2354 καὶ
1818 2303 1878 2356 τὸ

116 2411 160 2444 25
185 2389 450 2460 ἡμέτερον
492 2388 723 2459 ε’νέταξε,
763 2389 965 2458 λέγων·

186 2509 369 2578 <173>
408 2520 506 2562 τῶν
539 2507 586 2562 δ’
611 2511 792 2562 ὄπιθεν
824 2511 1039 2578 διέβαινε
1070 2510 1214 2579 γένος
1244 2510 1536 2576 θαυμαστὸν
1570 2510 1784 2577 ἰδέσθαι,

407 2591 634 2653 γλῶσσαν
668 2584 757 2651 μὲν
793 2587 1067 2636 Φοίνισσαν
1099 2585 1196 2636 ἀπὸ
1229 2586 1482 2650 στομάτων
1515 2583 1767 2649 ἀφιέντες·

411 2657 570 2730 ᾤ’κευν
603 2655 649 2711 δ’
671 2660 724 2711 ἐν
756 2661 1007 2726 Σολύμοις
1038 2658 1170 2728 ὄρεσι
1200 2658 1382 2730 πλατέῃ
1416 2655 1498 2708 ἐπὶ
1528 2660 1694 2730 λίμνῃ,

409 2734 673 2801 αὐχμαλέοι
703 2734 929 2802 κορυφὰς
959 2735 1368 2801 τροχοκουράδες·
1403 2732 1556 2800 αὐτὰρ
1588 2734 1807 2802 ὕπερθεν

69 2875 73 2879 ¹
117 2825 163 2857 30
410 2809 576 2860 ἵππων
609 2809 760 2876 δαρτὰ
791 2804 1016 2875 πρόσωπ’
1045 2808 1258 2876 ἐφόρευν
1291 2806 1558 2872 ἐσκληκότα
1587 2814 1776 2878 καπνῷ.

0 2920 18 2994 Ξ
184 2925 366 2995 <174>
407 2927 580 2993 δῆλον
620 2921 725 2978 οὖν
765 2924 933 2993 ἐστιν,
974 2925 1048 2987 ὡς
1087 2920 1265 2993 οἶμαι,
1307 2929 1476 2976 πᾶσιν
1514 2922 1672 2991 ἡμῶν
1712 2924 1883 2978 αὐτὸν
