2032 3128
701 107 911 150 ΛοΓοΣ
943 107 1260 152 ΔΕΥΤΕΡΟΣ
1712 102 1822 156 265
1868 83 1872 86 ’

253 248 415 294 τοῦτο
457 237 556 308 μὲν
597 237 823 293 Ἀπίωνι
862 248 962 293 τοῦ
1000 243 1127 309 βίου
1167 242 1227 294 τὸ
1267 238 1421 303 τέλος
1458 238 1693 308 ἐγένετο,
1731 236 1822 291 καὶ

142 338 305 382 τοῦτο
348 326 526 397 [παρ’]
566 327 721 397 ἡμῶν
762 328 1004 381 ἐνταῦθα
1035 330 1096 382 τὸ
1128 328 1297 396 πέρας
1334 330 1470 381 ε”στω
1502 337 1602 382 τοῦ
1633 330 1824 397 λόγου·

144 418 326 485 <145>
375 414 490 469 ἐπεὶ
539 415 598 468 δὲ
644 415 734 469 καὶ
779 414 1146 480 Ἀπολλώνιος
1193 417 1221 470 ὁ
1262 419 1472 470 Μόλων
1519 415 1609 469 καὶ
1652 419 1825 469 Λυσί-
1858 430 1914 469 14

145 525 312 574 μαχος
343 508 440 557 καί
471 524 618 567 τινες
653 506 810 559 ἄλλοι
840 506 905 558 τὰ
937 502 1038 574 μὲν
1069 503 1163 558 ὑπ’
1193 505 1438 573 ἀγνοίας,
1475 507 1536 558 τὸ
1569 508 1826 558 πλεῖστον

99 617 118 647 5
145 590 204 645 δὲ
244 594 378 646 κατὰ
419 592 767 662 δυσμένειαν,
805 595 935 663 περί
963 612 1020 645 τε
1051 601 1150 647 τοῦ
1182 596 1664 662 νομοθετήσαντος
1695 592 1828 662 ἡμῖν

143 680 415 744 Μωυσέος
452 679 542 734 καὶ
573 679 696 750 περὶ
727 691 838 734 τῶν
876 683 1065 750 νόμων
1104 684 1427 751 πεποίηνται
1466 683 1665 748 λόγους
1701 681 1828 734 οὔτε

143 771 391 832 δικαίους
441 765 560 823 οὔτ’
605 768 856 837 ἀληθεῖς,
910 771 1007 822 τὸν
1061 766 1161 838 μὲν
1218 770 1291 831 ὡς
1335 772 1505 838 γόητα
1555 767 1647 820 καὶ
1695 768 1831 822 ἀπα-

144 868 318 911 τεῶνα
359 857 774 925 διαβάλλοντες,
820 859 947 919 τοὺς
993 860 1199 926 νόμους
1239 854 1300 909 δὲ
1338 860 1529 919 κακίας
1565 856 1700 926 ἡμῖν
1740 855 1832 909 καὶ

145 946 405 1014 οὐδεμιᾶς
443 945 638 1015 ἀρετῆς
675 945 980 1014 φάσκοντες
1018 941 1161 998 εἶναι
1201 945 1594 1013 διδασκάλους,
1633 946 1832 1014 βούλο-

79 1059 121 1089 10
146 1054 242 1103 μαι
291 1036 576 1103 συντόμως
629 1032 719 1086 καὶ
766 1032 890 1104 περὶ
936 1041 1032 1102 τῆς
1077 1033 1207 1102 ὅλης
1251 1033 1407 1102 ἡμῶν
1456 1033 1835 1096 καταστάσεως

144 1131 245 1177 τοῦ
283 1124 678 1192 πολιτεύματος
716 1121 805 1175 καὶ
844 1120 968 1191 περὶ
1008 1132 1118 1175 τῶν
1158 1123 1293 1175 κατὰ
1332 1121 1523 1191 μέρος,
1568 1122 1642 1184 ὡς
1680 1121 1750 1175 ἂν
1790 1119 1832 1174 ὦ

146 1213 406 1280 δυνατός,
452 1214 641 1265 εἰπεῖν.
719 1214 752 1279 <
766 1212 914 1279 146>
964 1207 1116 1280 οἶμαι
1164 1212 1267 1280 γὰρ
1316 1213 1542 1264 ἔσεσθαι
1587 1213 1834 1280 φανερὸν

146 1301 230 1354 ὅτι
277 1299 367 1354 καὶ
412 1302 549 1370 πρὸς
595 1299 880 1368 εὐσέβειαν
920 1298 1009 1352 καὶ
1049 1302 1185 1368 πρὸς
1231 1301 1531 1353 κοινωνίαν
1569 1300 1671 1368 τὴν
1711 1296 1826 1368 μετ’

147 1388 402 1458 ἀλλήλων
456 1387 568 1465 καὶΔ
597 1391 734 1456 πρὸς
786 1389 887 1457 τὴν
940 1391 1190 1442 καθόλου
1243 1391 1701 1458 φιλανθρωπίαν,
1757 1390 1837 1442 ἔτι

82 1499 123 1531 15
149 1474 211 1530 δὲ
255 1479 392 1547 πρὸς
439 1478 799 1546 δικαιοσύνην
846 1476 937 1530 καὶ
986 1478 1087 1545 τὴν
1139 1475 1198 1529 ἐν
1249 1486 1363 1539 τοῖς
1411 1479 1605 1540 πόνοις
1650 1497 1839 1546 καρτε-

148 1569 275 1635 ρίαν
313 1565 404 1619 καὶ
434 1566 686 1619 θανάτου
721 1568 1128 1635 περιφρόνησιν
1166 1567 1363 1635 ἄριστα
1401 1564 1690 1634 κειμένους
1722 1568 1838 1634 ἔχο-

147 1674 248 1723 μεν
294 1657 424 1717 τοὺς
470 1657 691 1723 νόμους.
768 1655 948 1721 <147>
987 1658 1285 1722 παρακαλῶ
1327 1651 1388 1707 δὲ
1426 1656 1556 1717 τοὺς
1593 1653 1838 1718 ἐντευξο-

147 1741 347 1812 μένους
407 1750 471 1812 τῇ
533 1749 717 1812 γραφῇ
780 1744 853 1811 μὴ
916 1743 1049 1811 μετὰ
1110 1746 1335 1812 φθόνου
1396 1748 1680 1796 ποιεῖσθαι
1736 1743 1840 1810 τὴν

149 1830 489 1899 ἀνάγνωσιν·
530 1831 597 1884 οὐ
637 1831 741 1900 γὰρ
774 1829 1046 1900 ἐγκώμιον
1085 1830 1240 1899 ἡμῶν
1281 1830 1464 1884 αὐτῶν
1502 1833 1840 1900 προειλόμην

4 1918 14 1939 ³
82 1941 125 1973 20
150 1920 520 1990 συγγράφειν,
577 1919 715 1973 ἀλλὰ
760 1920 937 1973 πολλὰ
976 1917 1067 1972 καὶ
1115 1920 1293 1988 ψευδῆ
1340 1917 1843 1988 κατηγορουμένοις

147 2008 279 2076 ἡμῖν
318 2008 523 2077 ταύτην
562 2006 868 2075 ἀπολογίαν
909 2008 1260 2076 δικαιοτάτην
1299 2004 1442 2061 εἷναι
1481 2010 1703 2077 νομίζω,
1741 2009 1843 2077 τὴν

149 2097 255 2150 ἀπὸ
295 2106 406 2149 τῶν
444 2099 634 2166 νόμων
672 2094 802 2149 καθ’
843 2096 939 2159 οὓς
979 2098 1183 2160 ζῶντες·
1213 2097 1589 2166 διατελοῦμεν.
1658 2096 1839 2164 <148>

149 2187 327 2247 ἄλλως
386 2204 444 2238 τε
504 2183 594 2237 καὶ
655 2186 756 2254 τὴν
817 2189 1152 2253 κατηγορίαν
1215 2185 1244 2238 ὁ
1301 2183 1670 2248 Ἀπολλώνιος
1739 2185 1842 2239 οὐκ

149 2272 369 2341 ἀθρόαν
417 2274 598 2343 ὥσπερ
647 2273 676 2327 ὁ
719 2271 919 2326 Ἀπίων
968 2273 1180 2342 ἔταξεν,
1230 2272 1370 2327 ἀλλὰ
1417 2274 1702 2343 σποράδην
1750 2271 1842 2326 καὶ

83 2384 125 2416 25
151 2363 243 2415 διὰ
297 2362 473 2431 πάσης
525 2369 620 2430 τῆς
666 2369 988 2432 συγγραφῆς
1041 2359 1172 2416 ποτὲ
1223 2359 1325 2431 μὲν
1376 2363 1448 2425 ὡς
1498 2361 1703 2425 ἀθέους
1751 2360 1842 2415 καὶ

150 2452 585 2520 μισανθρώπους
623 2452 888 2521 λοιδορεῖ,
925 2447 1057 2504 ποτὲ
1095 2446 1143 2504 δ’
1171 2446 1242 2504 αὗ
1282 2452 1495 2505 δειλίαν
1527 2451 1659 2520 ἡμῖν
1700 2451 1842 2504 ὀνει-

151 2540 304 2608 δίζει,
342 2538 434 2592 καὶ
465 2539 776 2609 τοῦμπαλιν
809 2542 958 2593 ἔστιν
999 2540 1139 2594 ὅπου
1179 2542 1386 2608 τόλμαν
1425 2549 1724 2610 κατηγορεῖ
1751 2538 1843 2592 καὶ

150 2627 436 2681 ἀπόνοιαν.
514 2627 658 2697 λέγει
707 2625 767 2681 δὲ
813 2627 904 2682 καὶ
953 2628 1332 2696 ἀφυεστάτους
1379 2625 1522 2682 εἶναι
1561 2638 1671 2682 τῶν
1711 2632 1843 2698 βαρ-

134 2716 367 2785 βάρων,
427 2715 518 2770 καὶ
574 2718 665 2770 διὰ
718 2725 881 2770 τοῦτο
939 2714 1115 2787 μηδὲν
1171 2720 1248 2781 εἰς
1300 2719 1399 2771 τὸν
1452 2720 1579 2786 βίον
1632 2717 1844 2787 εὕρημα

86 2826 129 2859 30
154 2807 574 2874 συμβεβλῆσθαι
621 2808 842 2875 μόνους.
930 2807 1123 2874 <149>
1172 2815 1342 2860 ταῦτα
1394 2803 1455 2858 δὲ
1505 2805 1682 2859 πάντα
1734 2807 1846 2859 διε-

153 2896 564 2964 λεγχθήσεσθαι
610 2897 813 2964 νομίζω
866 2903 1079 2965 σαφῶς,
1134 2897 1185 2949 εἰ
1228 2895 1492 2948 τάναντία
1540 2903 1651 2948 τῶν
1699 2896 1845 2964 εἰρη-
