2032 3128
742 129 951 172 ΛοΓοΣ
982 130 1182 171 ΕΚΤοΣ
1694 127 1798 179 107

126 259 246 313 ἀλλ’
282 261 310 314 ὁ
349 262 529 329 θυμὸς
567 260 823 315 ἁπάντων
861 261 1197 330 ἐστρατήγει·
1237 260 1328 314 καὶ
1367 261 1490 331 περὶ
1528 263 1623 324 τὰς
1662 263 1806 315 εἰσό-

126 350 259 411 δους
305 350 728 417 συνωθούμενοι
774 348 969 403 πολλοὶ
1015 347 1115 419 μὲν
1152 347 1245 403 ὑπ’
1285 349 1537 417 ἀλλήλων
1575 369 1807 403 κατεπα-

123 444 348 504 τοῦντο,
399 434 595 489 πολλοὶ
651 433 712 488 δὲ
761 442 991 506 θερμοῖς
1041 439 1120 489 ἔτι
1169 435 1261 489 καὶ
1314 436 1645 504 τυφομένοις
1693 446 1809 499 τοῖς

123 525 380 593 ἐρειπιόις
424 533 536 576 τῶν
587 533 765 577 στοῶν
811 525 1164 594 ἐμπίπτοντες
1212 523 1540 593 ἡττωμένων
1593 539 1806 593 συμφο-

78 634 98 666 5
124 619 243 682 ραῖς
274 612 527 681 ἐχρῶντο.
583 611 765 681 <258>
796 616 1034 682 πλησίον
1074 610 1134 665 δὲ
1172 621 1273 666 τοῦ
1310 621 1450 666 ναοῦ
1488 615 1806 681 γιγνόμενοι

122 710 232 753 τῶν
271 698 372 769 μὲν
411 708 511 753 τοῦ
546 703 826 771 Καίσαρος
863 700 1331 770 παραγγελμάτων
1370 708 1806 769 προσεποιοῦντο

122 786 259 857 μηδὲ
306 789 660 856 κατακούειν,
710 799 826 851 τοῖς
870 790 976 858 πρὸ
1025 788 1208 841 αὐτῶν
1249 785 1310 840 δὲ
1348 790 1409 841 τὸ
1448 795 1559 856 πῦρ
1602 787 1807 840 ἐνιέναι
1867 827 1870 829 -

120 877 566 945 παρεκελεύοντο.
642 875 824 945 <259>
871 886 982 930 τῶν
1029 873 1092 929 δὲ
1138 884 1480 929 στασιαστῶν
1531 875 1807 945 ἀμηχανία

122 962 223 1033 μὲν
275 960 344 1032 ἦν
398 965 504 1033 ἤδη
559 971 659 1017 τοῦ
713 967 974 1033 βοηθεῖν,
1037 966 1210 1034 φόνος
1268 961 1330 1017 δὲ
1382 972 1664 1033 πανταχοῦ
1717 962 1808 1016 καὶ

55 1076 96 1106 10
121 1056 310 1122 τροπή.
387 1055 448 1106 τὸ
497 1049 558 1105 δὲ
604 1051 774 1106 πλέον
813 1053 842 1106 ὁ
882 1051 988 1105 ἀπὸ
1035 1060 1136 1106 τοῦ
1180 1054 1361 1120 δήμου
1400 1053 1531 1114 λαὸς
1568 1051 1810 1120 ἀσθενὴς

118 1138 210 1193 καὶ
257 1141 462 1202 ἄοπλος
513 1139 653 1193 ὅπου
703 1143 1083 1209 καταληφθείη
1133 1160 1215 1202 τις
1266 1138 1664 1208 ἀπεσφάττετο,
1719 1138 1809 1191 καὶ

117 1227 243 1298 περὶ
283 1224 385 1297 μὲν
423 1230 521 1281 τὸν
559 1229 750 1296 βωμὸν
788 1232 1005 1297 πλῆθος
1043 1227 1342 1295 ἐσωρεύετο
1381 1236 1622 1296 νεκρῶν,
1674 1228 1808 1298 κατὰ

120 1314 181 1369 δὲ
219 1326 331 1370 τῶν
368 1324 469 1370 τοῦ
515 1324 656 1370 ναοῦ
702 1317 935 1387 βάθρων
982 1309 1116 1385 αἷμά
1161 1314 1206 1369 τ’
1247 1318 1394 1386 ἔρρει
1432 1317 1575 1369 πολὺ
1614 1314 1704 1367 καὶ
1743 1317 1809 1368 τὰ

118 1414 229 1458 τῶν
268 1406 383 1458 ἄνω
424 1403 822 1474 φονευομένων
861 1406 1083 1474 σώματα
1122 1407 1518 1458 κατωλίσθανε.

54 1514 94 1545 15
230 1492 414 1562 <260>
453 1495 671 1561 Καῖσαρ
721 1491 771 1546 δ’
816 1494 889 1556 ὡς
937 1494 1062 1546 οὔτε
1110 1494 1206 1555 τὰς
1252 1492 1424 1561 ὁρμὰς
1467 1491 1808 1545 ἐνθουσιών-

116 1601 228 1634 των
259 1590 371 1634 τῶν
403 1591 751 1651 στρατιωτῶν
782 1590 1075 1651 κατασχεῖν
1117 1574 1233 1643 οἷός
1270 1579 1315 1633 τ’
1355 1577 1427 1648 ’ἧν
1463 1578 1556 1632 καὶ
1597 1582 1658 1634 τὸ
1696 1588 1807 1650 πῦρ

118 1668 426 1739 ἐπεκράτει,
471 1671 771 1740 παρελθὼν
810 1671 943 1738 μετὰ
980 1680 1093 1723 τῶν
1143 1669 1432 1737 ἡγεμόνων
1480 1670 1646 1722 ε”νδον
1687 1668 1810 1721 ἐθε-

117 1758 285 1811 άσατο
325 1766 425 1812 τοῦ
462 1767 605 1812 ναοῦ
643 1760 704 1812 τὸ
745 1759 906 1827 ἅγιον
937 1757 1029 1811 καὶ
1060 1757 1162 1811 τάν
1194 1758 1367 1830 αὐτῷ,
1407 1759 1549 1810 πολὺ
1582 1754 1684 1824 μὲν
1715 1764 1812 1826 τῆς

115 1847 262 1916 παρὰ
300 1856 415 1910 τοῖς
461 1846 798 1917 ἀλλοφύλοις
842 1850 1028 1918 φήμης
1074 1847 1306 1915 ἀμείνω,
1353 1854 1452 1899 τοῦ
1494 1842 1555 1898 δὲ
1592 1848 1810 1914 κόμπου

51 1957 96 1989 20
120 1933 211 1987 καὶ
249 1943 345 2004 τῆς
382 1936 530 2006 παρὰ
568 1945 682 1998 τοῖς
722 1938 946 1999 οἰκείοις
985 1937 1147 2003 δόξης
1186 1935 1288 1988 οὐκ
1331 1934 1551 1987 ἐλάττω.
1630 1935 1812 2003 <261>

48 2034 54 2041 ’
118 2031 214 2091 τῆς
259 2026 470 2093 φλογὸς
517 2022 570 2077 δ’
610 2024 829 2079 οὐδέπω
870 2022 1261 2093 διικνουμένης
1300 2023 1623 2092 οὐδαμόθεν
1662 2028 1813 2091 εἴσω,

119 2113 248 2174 τοὺς
287 2109 348 2164 δὲ
378 2111 503 2179 περὶ
535 2115 633 2166 τὸν
664 2115 804 2167 ναὸν
836 2118 1023 2175 οἴκους
1052 2111 1378 2181 νεμομένης,
1415 2114 1646 2180 νομίσας
1678 2112 1811 2180 ὅπερ

118 2196 207 2268 ἦν,
249 2202 327 2253 ἔτι
367 2202 640 2265 σώζεσθαι
672 2203 733 2254 τὸ
768 2204 932 2270 ἔργον
972 2202 1272 2269 δύνασθαι,
1302 2202 1580 2271 προπηδᾷ,
1631 2200 1814 2268 <262>

118 2287 209 2340 καὶ
248 2289 413 2352 αὐτός
450 2309 507 2343 τε
545 2294 884 2360 παρακαλεῖν
922 2292 1052 2352 τοὺς
1092 2290 1424 2358 στρατιώτας
1463 2287 1716 2358 ἐπειρᾶτο
1751 2290 1813 2342 τὸ

50 2399 94 2431 25
118 2385 229 2446 πῦρ
264 2380 574 2446 σβεννύειν,
614 2377 704 2431 καὶ
737 2379 1073 2449 Λιβεράλιον
1106 2376 1510 2447 ἑκατοντάρχην
1547 2386 1659 2430 τῶν
1689 2375 1815 2445 περὶ

118 2466 290 2519 αὐτὸν
338 2470 702 2537 λογχοφόρων
750 2466 936 2531 ξύλοις
985 2470 1220 2520 παίοντα
1267 2469 1396 2529 τοὺς
1443 2464 1815 2528 ἀπειθοῦντας

117 2553 402 2608 ἐκέλευσεν
442 2561 666 2624 εἴργειν.
742 2556 924 2622 <263>
971 2565 1082 2608 τῶν
1124 2552 1185 2608 δὲ
1230 2553 1322 2607 καὶ
1362 2555 1463 2622 τὴν
1502 2556 1639 2623 πρὸς
1678 2556 1814 2606 Καί-

118 2656 258 2712 σαρα
297 2645 435 2696 αἰδῶ
475 2642 566 2696 καὶ
613 2642 858 2696 τὸνάπὸ
899 2651 999 2696 τοῦ
1038 2644 1353 2706 κωλύοντος
1392 2645 1574 2712 φόβον
1613 2641 1815 2695 ἐνίκων

117 2731 175 2783 οἱ
208 2731 382 2800 θυμοὶ
429 2731 520 2786 καὶ
562 2734 624 2786 τὸ
671 2734 808 2801 πρὸς
848 2730 1154 2794 Ἰουδαίους
1200 2741 1360 2800 μῖσος
1406 2729 1498 2783 καὶ
1546 2733 1813 2800 πολεμική

47 2840 93 2871 30
117 2839 200 2882 τις
245 2820 386 2890 ὁρμὴ
435 2819 760 2890 λαβροτέρα·
832 2820 1014 2888 <264>
1052 2823 1182 2883 τοὺς
1230 2817 1291 2873 δὲ
1336 2822 1580 2882 πολλοὺς
1618 2818 1817 2888 ἐνῆγεν

119 2907 366 2978 ἁρπαγῆς
413 2908 594 2979 ἐλπίς,
646 2908 814 2973 δόξαν
861 2906 907 2961 τ’
948 2911 1171 2978 ἔχοντας
1222 2909 1295 2971 ὡς
1345 2910 1552 2962 τᾶνδον
1602 2909 1817 2961 ἅπαντα
