2032 3128
681 117 784 159 ΕΙΣ
814 117 1252 160 ΜΑΚΚΑΒΑΙΟΤΣ
1477 181 1480 184 .
1701 117 1808 169 315

244 250 422 316 (153)
478 250 529 301 εί
579 249 647 317 δὴ
702 252 896 303 τοίνυν
948 259 1060 303 τῶν
1113 249 1270 320 μέχρι
1318 251 1569 304 θανάτου
1622 252 1812 304 πόνων
1844 264 1897 303 13

133 338 588 406 ὑπερεφρόνησαν
623 338 681 390 οἱ
717 335 849 390 ἑπτὰ
889 336 1146 407 ἀδελφοί,
1185 341 1638 407 συνωμολόγηται
1675 357 1810 391 παν-

131 428 369 496 ταχόθεν
408 424 492 477 ὅτι
532 424 934 488 αὐτοδέσποτός
973 425 1086 479 ἐστι
1127 436 1238 480 τῶν
1277 432 1477 479 παθῶν
1515 426 1544 480 ὁ
1584 427 1813 496 εὐσεβὴς

133 515 405 582 λογισμός.
482 514 662 582 ὥσπερ
717 514 848 582 γάρ,
902 516 954 566 εί
1003 523 1117 577 τοῖς
1175 515 1379 567 πάθεσι
1434 513 1812 578 δουλωθέντες

87 625 107 658 5
133 601 600 671 ε’μιαροφάγησαν,
628 601 885 670 ἐλέγομεν
910 601 981 654 ἂν
1005 604 1219 666 τούτοις
1243 603 1444 665 αὐτοὺς
1466 609 1810 672 νενικῆσθαι,

130 688 258 743 νυνὶ
298 688 359 743 δὲ
399 690 498 760 οὐχ
538 689 736 757 οὕτως,
784 690 922 743 ἀλλὰ
960 692 1034 762 τῷ
1075 690 1455 764 ἐπαινουμένῳ
1501 693 1647 759 παρὰ
1693 697 1809 763 θεῷ

131 784 374 850 λογισμῷ
412 777 798 846 περιεγένοντο
830 788 941 831 τῶν
972 784 1187 845 παθῶν,
1228 778 1319 832 καὶ
1359 778 1462 833 οὐκ
1501 781 1615 832 ἔστι
1652 798 1810 846 παρι-

131 869 249 920 δεῖν
295 869 396 936 τὴν
441 866 742 934 ἡγεμονίαν
787 875 882 935 τῆς
928 868 1201 929 διανοίας·
1255 867 1435 935 <154>
1483 867 1810 936 ἐπεκράτησε

129 957 233 1024 γὰρ
280 954 370 1008 καὶ
416 955 635 1016 πάθους
679 953 770 1007 καὶ
815 957 1021 1007 πόνων.
1098 964 1213 1017 πῶς
1251 951 1354 1008 οὖν
1394 956 1496 1009 οὐκ
1534 958 1648 1008 ἔστι
1686 957 1812 1009 τού-

64 1067 106 1099 10
128 1037 248 1106 τοις
280 1044 382 1111 τὴν
419 1050 514 1110 τῆς
559 1043 903 1110 εὐλογιστίας
948 1043 1359 1110 παθοκράτειαν
1399 1044 1710 1113 ὁμολογεῖν,
1759 1047 1817 1097 οἳ

127 1142 239 1185 τῶν
278 1133 369 1184 διὰ
415 1133 589 1200 πυρὸς
627 1131 954 1199 ἀλγηδόνων
993 1131 1095 1185 οὐκ
1134 1131 1575 1202 ἐπεστράφησαν;
1629 1131 1811 1200 <155>

126 1220 378 1288 καθάπερ
424 1221 529 1288 γὰρ
575 1222 881 1289 προβλῆτες
919 1218 1158 1289 λιμένων
1196 1221 1398 1289 πύργοι
1436 1221 1531 1283 τὰς
1568 1229 1680 1273 τῶν
1717 1241 1813 1273 κυ-

127 1309 314 1377 μάτων
354 1307 581 1371 ἀπειλὰς
627 1307 1029 1370 ἀνακόπτοντες
1074 1310 1317 1376 γαληνὸν
1355 1307 1656 1379 παρέχουσι
1698 1319 1814 1372 τοῖς

127 1396 441 1450 εἰσπλέουσι
479 1398 577 1449 τὸν
617 1397 809 1466 ὅρμον,
858 1397 1032 1459 οὕτως
1077 1396 1110 1464 ἡ
1159 1395 1502 1464 ἑπτάπυργος
1538 1406 1650 1450 τῶν
1687 1416 1811 1451 νεα-

62 1508 103 1541 15
127 1489 336 1540 νίσκων
360 1485 673 1552 εὐλογιστιά
705 1486 802 1538 τὸν
827 1493 921 1554 τῆς
953 1485 1233 1554 εὐσεβείας
1265 1485 1593 1555 ὀχυρώσασα
1618 1485 1813 1555 λιμένα

126 1577 227 1644 τὴν
258 1584 368 1627 τῶν
398 1579 597 1627 παθῶν
631 1573 882 1642 ἐνίκησεν
915 1573 1231 1627 ἀκολασίαν.
1301 1574 1485 1642 <156>
1523 1575 1675 1642 ἱερὸν
1707 1576 1810 1643 γὰρ

125 1663 406 1731 εὐσεβείας
434 1662 633 1724 πάντες
664 1665 960 1730 στήσαντες
990 1664 1160 1732 χορὸν
1188 1663 1624 1731 παρεθάρρυναν
1649 1662 1812 1730 ἀλλή-

126 1755 274 1819 λους,
314 1749 565 1819 λέγοντες
600 1749 937 1819 ςἀδελφικῶς
968 1750 1360 1819 ἀποθάνωμεν,
1399 1750 1649 1819 ἀδελφοί,
1687 1750 1813 1819 περὶ

124 1849 224 1893 τοῦ
253 1842 446 1908 νόμου.
497 1840 864 1908 μιμησώμεθα
894 1842 1026 1902 τοὺς
1056 1849 1200 1907 τρεῖς
1229 1841 1359 1901 τοὺς
1383 1837 1469 1891 ἐπὶ
1501 1846 1596 1907 τῆς
1619 1838 1812 1893 ’Λσσυ-

58 1949 103 1981 20
126 1931 246 1996 ρίας
276 1931 517 1994 νεανίας,
548 1931 606 1981 οἳ
632 1935 729 1995 τῆς
762 1927 1083 1990 ἰσοπάλιδος
1113 1930 1350 1996 καμίνου
1376 1930 1810 1997 κατεφρόνησαν.

124 2017 304 2084 <157>
359 2018 432 2085 μὴ
488 2017 974 2085 δειλανδρήσωμεν
1027 2017 1164 2085 πρὸς
1224 2016 1324 2084 τὴν
1378 2023 1473 2084 τῆς
1532 2016 1813 2085 εὐσεβείας

125 2103 425 2168 έπίδειξιν.’
502 2103 592 2157 καὶ
640 2104 669 2157 ὃ
717 2103 819 2173 μέν
858 2103 1085 2173 ξθάρρει
1132 2103 1372 2173 ἀδελφέ’
1419 2107 1623 2173 ἔλεγεν,
1672 2105 1700 2159 ὃ
1750 2105 1816 2159 δέ

126 2192 388 2260 “εὐγενῶς
417 2191 808 2261 καρτέρησον”
849 2182 1038 2261 <158>
1065 2192 1094 2245 ὃ
1129 2189 1191 2245 δὲ
1222 2191 1628 2262 καταμνησθεὶς
1659 2195 1810 2263 ἔλεγε

125 2282 434 2350 (μνήσθητε
473 2283 652 2333 πόθεν
691 2279 836 2348 ἐστέ,
883 2280 916 2349 ἢ
956 2284 1106 2343 τίνος
1150 2283 1355 2351 πατρὸς
1395 2280 1538 2352 χειρὶ
1578 2297 1812 2351 σφαγια-

58 2390 102 2423 25
124 2375 329 2438 σθῆναι
369 2370 461 2422 διὰ
500 2370 601 2438 τὴν
639 2367 924 2438 εὐσέβειαν
963 2368 1256 2438 ὑπέμεινεν
1289 2371 1318 2423 ὁ
1349 2368 1569 2423 Ἰσαάκ.’
1631 2364 1710 2433 εἷς
1749 2369 1810 2425 δὲ

122 2459 348 2522 ἕκαστος
384 2457 476 2512 καὶ
515 2458 789 2526 ἀλλήλους
828 2457 969 2526 ὁμοῦ
1007 2459 1207 2520 πάντες
1240 2458 1547 2528 ἐφορῶντες
1580 2459 1810 2529 φαιδροὶ

122 2546 212 2600 καὶ
244 2548 389 2616 μάλα
419 2546 742 2616 θαρραλέοι,
776 2544 1049 2609 ξἑαυτούς’
1076 2549 1268 2616 ἔλεγον
1294 2547 1395 2619 (τῷ
1425 2553 1542 2619 θεῷ
1574 2547 1809 2618 ἀφιερώ-

124 2650 307 2704 σωμεν
348 2635 400 2700 ἐξ
443 2636 574 2704 ὅλης
611 2644 706 2703 τῆς
744 2636 972 2703 καρδίας
1009 2643 1083 2707 τῷ
1124 2637 1280 2689 δόντι
1326 2637 1422 2699 τὰς
1466 2637 1671 2706 ψυχάς,
1717 2637 1809 2690 καὶ

122 2728 411 2794 χρήσωμεν
465 2732 531 2794 τῇ
592 2723 719 2791 περὶ
779 2725 877 2777 τὸν
931 2726 1108 2793 νόμον
1161 2728 1381 2794 φυλακῇ
1444 2726 1510 2777 τά
1572 2727 1808 2795 σώματα.

57 2832 100 2866 3ο
126 2813 308 2881 <159>
363 2814 436 2882 μὴ
494 2816 836 2883 φοβηθῶμεν
890 2813 988 2865 τὸν
1043 2813 1316 2866 δοκοῦντα
1376 2812 1692 2867 ἀποκτεῖναι
1746 2817 1807 2868 τὸ

123 2911 304 2971 σῶμα·
336 2900 504 2970 μέγας
533 2902 638 2970 γὰρ
670 2908 849 2970 ψυχῆς
879 2902 1141 2963 κίνδυνος
1166 2901 1226 2954 ἐν
1251 2902 1458 2975 αἰωνίῳ
1483 2905 1806 2976 βασανισμῷ
