2032 3128
167 252 191 289 Ξ

234 103 340 155 164
634 107 758 148 ΤοΤ
789 107 1130 150 ΙοΤΔΑΙΚοΤ
1160 110 1468 152 ΠΟΛΕΜΟΥ

335 236 516 306 <275>
557 237 645 291 ἐπὶ
678 241 783 308 γὰρ
815 242 913 293 τὸν
946 238 1268 310 Ἐλεάζαρον
1303 241 1394 296 καὶ
1427 245 1557 306 τοὺς
1587 241 1913 312 κατέχοντας

227 327 332 378 σὺν
388 325 535 397 αὐτῷ
591 328 692 395 τὴν
745 330 1025 382 Μασάδαν
1079 334 1363 399 σικαρίους
1409 331 1596 385 ὁτῶν
1635 329 1913 399 Ῥωμαίων

226 416 527 482 στρατηγὸς
563 410 660 483 ἧκε
699 417 795 479 τὰς
834 418 1096 486 δυνάμεις
1134 420 1299 487 ἄγων.
1354 419 1446 472 καὶ
1476 427 1572 481 τῆς
1600 417 1702 482 μὲν
1732 415 1912 483 χώρας

224 500 438 566 ἀπάσης
475 502 649 560 εὐθὺς
687 501 918 567 ἐκράτει,
950 506 1209 570 φρουρὰς
1241 499 1302 553 ἐν
1332 511 1447 563 τοῖς
1482 500 1913 569 ἐπικαιροτάτοις

223 588 391 655 αὐτῆς
438 584 661 654 μέρεσιν
708 585 1137 656 ἐγκαταστήσας,
1191 589 1375 658 <276>
1420 598 1596 659 τεῖχος
1635 587 1696 642 δὲ
1734 589 1912 658 περιέ·
1959 613 1979 646 5

222 678 354 744 βαλε
395 675 580 745 κύκλῳ
619 673 744 745 περὶ
783 684 894 727 πᾶν
932 678 993 729 τὸ
1034 678 1335 745 φρούριον,
1383 678 1531 740 ὅπως
1569 676 1764 746 μηδενὶ
1802 686 1914 731 τῶν

222 762 712 832 πολιορκουμένων
766 756 801 833 ἧ
857 762 1055 833 ῥᾴδιον
1111 766 1423 832 διαφυγεῖν.
1514 764 1605 817 καὶ
1668 765 1915 834 διανέμει

224 854 353 914 τοὺς
390 851 763 920 φυλάξοντας,
815 852 997 920 <277>
1047 851 1212 914 αὐτὸς
1251 848 1312 904 δὲ
1358 855 1916 918 καταστρατοπεδεύει

223 941 397 992 τόπον
452 940 525 1002 ὡς
578 935 680 1007 μὲν
737 940 874 1009 πρὸς
935 940 1035 1006 τὴν
1089 942 1416 1007 πολιορκίαν
1473 937 1918 1006 ἐπιτηδειότατον

225 1027 491 1095 ἐκλαβών,
531 1025 660 1079 καθ’
699 1026 764 1079 ὃν
804 1028 866 1079 αἱ
899 1035 999 1080 τοῦ
1031 1030 1308 1096 φρουρίου
1342 1026 1534 1097 πέτραι
1572 1033 1647 1099 τῷ
1679 1030 1916 1095 πλησίον
1941 1051 1984 1082 10

225 1118 342 1185 ὄρει
391 1118 751 1184 συνήγγιζον,
806 1117 986 1178 ἄλλως
1034 1113 1095 1168 δὲ
1141 1118 1278 1186 πρὸς
1325 1115 1608 1184 ἀφθονίαν
1653 1124 1764 1168 τῶν
1804 1113 1917 1168 ἐπι-

226 1206 461 1273 τηδείων
494 1206 791 1258 δύσκολον·
848 1205 1031 1273 <278>
1064 1204 1132 1257 οὐ
1163 1205 1268 1274 γὰρ
1301 1204 1334 1272 ἡ
1366 1204 1545 1273 τροφὴ
1586 1206 1762 1272 μόνον
1791 1198 1919 1273 πόρ-

228 1298 415 1362 ρωθεν
457 1292 730 1362 ἐκομίζετο
771 1291 863 1346 καὶ
908 1295 1013 1346 σὺν
1053 1293 1260 1363 μεγάλῃ
1300 1295 1644 1363 ταλαιπωρία
1681 1301 1794 1345 τῶν
1833 1290 1920 1345 ἐπὶ

224 1383 402 1453 τούτῳ
453 1380 804 1450 τεταγμένων
843 1380 1159 1447 Ἰουδαίων,
1209 1381 1348 1434 ἀλλὰ
1394 1379 1486 1434 καὶ
1532 1382 1593 1434 τὸ
1640 1383 1812 1435 ποτὸν
1849 1376 1920 1449 ἦν

226 1469 509 1538 ἀγώγιμον
563 1472 643 1532 εἰς
695 1472 755 1523 τὸ
812 1471 1217 1540 στρατόπεδον,
1271 1478 1371 1524 τοῦ
1424 1471 1597 1523 τόπου
1647 1471 1920 1538 μηδεμίαν
1945 1491 1988 1524 15

228 1558 393 1627 ἐγγὺς
430 1559 613 1627 πηγὴν
654 1557 1030 1621 ἀναδιδόντος.
1102 1559 1283 1627 <279>
1322 1555 1472 1611 ταῦτ’
1523 1553 1627 1611 οὖν
1655 1575 1919 1628 ’προοικο-

228 1647 615 1716 νομησάμενος
661 1647 691 1701 ὁ
739 1651 947 1710 Σίλεας
994 1645 1082 1700 ἐπὶ
1128 1649 1229 1716 τὴν
1275 1650 1603 1717 πολιορκίαν
1643 1646 1921 1715 ἐτράπετο,

139 1762 141 1764 ·
227 1740 432 1804 πολλῆς
462 1735 856 1805 ἐπιτεχνήσεως
886 1734 977 1788 καὶ
1008 1739 1378 1806 ταλαιπωρίας
1403 1734 1672 1804 δεομένην
1697 1735 1789 1788 διὰ
1820 1736 1923 1804 τὴν

230 1825 536 1895 ὀχυρότητα
568 1832 668 1878 τοῦ
697 1828 974 1894 φρουρίου
998 1825 1219 1878 τοιοῦδε
1243 1825 1344 1892 τὴν
1368 1825 1541 1894 φύσιν
1564 1824 1924 1893 ὑπάρχοντος.

341 1913 524 1982 <280>
570 1912 776 1983 πέτραν
826 1913 927 1966 οὐκ
974 1900 1169 1982 ὀλίγην
1214 1921 1279 1983 τῇ
1327 1914 1568 1985 περιόδῳ
1614 1911 1704 1965 καὶ
1750 1920 1922 1981 μῆκος
1946 1936 1990 1967 20

229 2001 452 2070 ὑψηλὴν
505 2005 858 2071 πανταχόθεν
911 2004 1314 2072 περιερρώγασι
1367 2005 1593 2071 βαθεῖαι
1645 2002 1925 2071 φάραγγες

229 2090 483 2143 κάτωθεν
522 2089 577 2153 ἐξ
627 2090 868 2160 ἀοράτου
912 2090 1201 2161 τέρματος,
1247 2092 1594 2161 κρημνώδεις
1639 2088 1729 2143 καὶ
1776 2091 1924 2161 πάσῃ

230 2179 388 2247 βάσει
444 2175 599 2250 ζῴων
647 2178 963 2249 ἀπρόσιτοι,
1016 2181 1161 2249 πλὴν
1208 2179 1344 2233 ὅσον
1390 2180 1525 2232 κατὰ
1574 2180 1676 2232 δύο
1723 2181 1926 2241 τόπους

231 2274 328 2335 τῆς
358 2265 558 2336 πέτρας
589 2269 669 2330 εἰς
700 2269 909 2321 ἄνοδον
942 2268 1044 2321 οὐκ
1077 2267 1284 2337 εὐμαρῆ
1318 2268 1700 2337 παρεικούσης.
1740 2267 1923 2335 <281>

232 2358 348 2409 ἐστι
388 2353 449 2408 δε
488 2366 599 2409 τῶν
648 2356 795 2410 ὁδῶν
842 2357 875 2425 ἣ
925 2377 1027 2426 μεν
1073 2357 1180 2410 ἀπὸ
1227 2364 1322 2426 τῆς
1354 2353 1767 2426 Ἀσφαλτίτιδος
1805 2360 1924 2425 λίμ-
1950 2379 1992 2411 25

232 2465 333 2513 νης
370 2446 508 2512 πρὸς
545 2444 706 2512 ήλιον
745 2444 1068 2515 ἀνίσχοντα,
1107 2444 1199 2499 καὶ
1236 2446 1406 2498 πάλιν
1446 2445 1551 2499 ἀπὸ
1584 2453 1677 2514 τῆς
1716 2446 1926 2508 δύσεως

233 2527 267 2603 ᾗ
317 2533 458 2604 ρᾷον
503 2538 867 2603 πορευθῆναι.
944 2535 1144 2604 <282>
1189 2539 1420 2588 καλοῦσι
1472 2531 1534 2587 δε
1583 2535 1685 2603 τὴν
1736 2531 1927 2600 ετέραν

235 2623 392 2691 όφιν,
430 2629 495 2692 τῇ
539 2624 822 2691 στενότητι
860 2624 1322 2688 προσεικάσαντες
1359 2621 1450 2676 καὶ
1489 2631 1605 2685 τοῖς
1640 2622 1927 2692 συνεχέσιν

235 2708 506 2779 ἑλιγμοῖς·
570 2715 764 2764 κλᾶται
810 2712 915 2781 γὰρ
963 2710 1087 2781 περὶ
1134 2713 1231 2774 τὰς
1268 2721 1379 2764 τῶν
1417 2720 1681 2781 κρημνῶν
1721 2710 1927 2781 ἐξοχάς,

234 2797 325 2852 καὶ
364 2800 628 2863 πολλάκις
667 2801 744 2862 εἰς
779 2800 953 2868 αὑτὴν
985 2799 1407 2870 ἀναστρέφουσα
1437 2798 1529 2853 καὶ
1559 2801 1695 2852 κατὰ
1727 2801 1925 2868 μικρὸν
1950 2821 2015 2854 3οκ

235 2883 403 2950 αὖθις
451 2887 867 2958 ἐκμηκυνομένη
918 2891 1075 2957 μόλις
1119 2890 1286 2953 ψαύει
1323 2896 1424 2942 τοῦ
1462 2890 1665 2957 πρόσω.
1742 2888 1926 2958 <283>
