2032 3128
162 57 235 109 54
591 59 716 101 ΤΟΤ
745 58 1084 101 ΙΟΤΔΑΙΚΟΤ
1115 60 1424 102 ΠΟΛΕΜΟΥ

162 191 267 243 ἀνὰ
306 191 504 261 κράτος
542 192 741 259 ἔλαβον
780 193 882 260 τὴν
919 194 1102 261 πόλιν,
1135 187 1513 255 ’ὃεσπασιανὸς
1552 190 1600 245 δ’
1646 191 1704 245 ἐκ
1741 200 1842 245 τοῦ

160 281 297 348 πρὸς
335 279 475 348 ἡμᾶς
518 277 762 347 πολέμου
809 277 900 332 καὶ
944 283 1224 349 βασιλείας
1261 280 1475 350 ἤρξατο.
1561 284 1700 352 Τίτῳ
1741 277 1843 349 μὲν

161 367 266 436 γὰρ
307 365 397 419 καὶ
435 365 604 434 πηγαὶ
643 369 1044 437 πλουσιώτεραι
1091 368 1342 438 ῥέουσιν,
1388 370 1451 422 αί
1484 369 1843 438 ξηρανθεῖσαι
1885 368 1897 381 “

158 457 429 524 πρότερον
476 455 626 524 ὑμῖν.
705 456 886 524 <410>
933 459 1039 525 πρὸ
1088 464 1226 524 γοῦν
1276 465 1370 525 τῆς
1415 456 1586 511 αὐτοῦ
1635 476 1843 527 παρου-

161 545 283 606 σίας
327 545 429 611 τήν
474 562 531 596 τε
578 545 808 613 Σιλωὰμ
856 543 1244 598 ἐπιλείπουσαν
1293 550 1405 598 ἴστε
1451 543 1542 598 καὶ
1591 546 1687 608 τὰς
1735 545 1842 614 πρὸ
1890 565 1911 598 5

160 639 260 684 τοῦ
307 633 499 695 ἄστεος
545 631 779 701 ἁπάσας,
828 634 963 686 ὥστε
1010 635 1146 702 πρὸς
1193 632 1461 702 ἀμφορεῖς
1508 634 1743 686 ὠνεῖσθε
1782 634 1843 685 τὸ

161 720 338 790 ὕδωρ·
377 722 439 774 τὸ
474 717 534 773 δὲ
567 729 673 774 νῦν
705 722 848 775 οὕτω
880 723 1200 791 πληθύουσι
1232 732 1346 785 τοῖς
1377 725 1659 790 πολεμίοις
1688 722 1846 790 ὑμῶν

161 808 235 871 ὡς
288 809 361 878 μὴ
416 811 591 878 μόνον
646 809 834 873 αὐτοῖς
887 809 978 863 καὶ
1025 811 1279 877 κτήνεσιν
1326 809 1464 863 ἀλλὰ
1508 808 1599 862 καὶ
1652 811 1847 877 κήποις

163 898 426 967 διαρκεῖν.
502 897 684 967 <411>
729 901 792 951 τό
839 918 899 967 γε
947 899 1056 967 μὴν
1103 897 1261 969 τέρας
1313 907 1475 952 τοῦτο
1528 901 1847 968 πεπείραται

160 983 251 1038 καὶ
305 988 574 1056 πρότερον
637 984 724 1056 ἐφ’
777 986 977 1040 ἁλώσει
1039 994 1133 1056 τῆς
1192 989 1402 1050 πόλεως
1454 985 1846 1055 γεγενημένον,
1871 1007 1913 1039 10

161 1071 250 1126 ὅθ’
311 1074 339 1127 ὁ
394 1073 791 1144 προειρημένος
843 1077 1203 1144 Βαβυλώνιος
1265 1075 1723 1146 ἐπεστράτευσεν,
1786 1074 1847 1136 ὃς

159 1164 262 1231 τήν
305 1182 360 1215 τε
400 1166 563 1217 πόλιν
604 1161 746 1216 ἑλὼν
787 1162 1049 1234 ἐνέπρησε
1088 1162 1179 1217 καῖ
1217 1165 1315 1217 τὸν
1346 1167 1505 1233 ναόν,
1544 1161 1728 1232 οὐδέν,
1768 1159 1847 1216 οῗ-

163 1271 287 1319 μαι,
341 1260 452 1304 τῶν
507 1247 616 1305 τότ’
667 1252 1020 1321 ἠσεβηκότων
1065 1257 1392 1322 τηλικοῦτον
1448 1252 1610 1320 ἡλίκα
1670 1253 1845 1321 ὑμεῖς·

159 1339 341 1409 <412>
380 1337 507 1392 ὥστ’
553 1342 724 1408 ἔγωγε
771 1339 1106 1410 πεφευγέναι
1157 1337 1258 1409 μὲν
1305 1341 1365 1394 ἐκ
1404 1350 1515 1394 τῶν
1555 1340 1729 1410 ἁγίων
1769 1335 1848 1394 οἷ-

159 1448 257 1496 μαι
303 1429 364 1481 τὸ
411 1434 601 1497 θεῖον,
655 1429 838 1498 <413>
887 1427 1108 1482 ἑστάναι
1157 1427 1219 1482 δὲ
1265 1427 1392 1499 παρ’
1440 1422 1523 1492 οἷς
1563 1433 1848 1498 πολεμεῖτε
1873 1449 1915 1482 15

158 1525 279 1570 νῦν.
358 1515 477 1570 ἀλλ’
524 1516 665 1588 ἀνὴρ
714 1515 816 1587 μὲν
863 1517 1078 1586 ἀγαθὸς
1124 1520 1307 1571 οἰκίαν
1331 1518 1548 1587 ,ἀσελγῆ
1591 1518 1850 1588 φεύξεται

157 1603 249 1657 καὶ
279 1608 409 1669 τοὺς
448 1606 509 1659 ἐν
549 1607 685 1677 αὐτῇ
728 1610 1006 1677 στυγήσει,
1045 1610 1143 1661 τὸν
1184 1605 1246 1661 δὲ
1283 1610 1423 1661 θεὸν
1462 1609 1540 1660 ἔτι
1579 1609 1847 1659 πείθεσθε

157 1703 273 1756 τοῖς
317 1694 601 1765 ὑμετέροις
650 1706 838 1759 κακοῖς
887 1695 1250 1765 παραμένειν,
1306 1695 1367 1759 ὃς
1412 1696 1479 1748 τά
1528 1714 1585 1747 τε
1636 1696 1849 1766 κρυπτὰ

158 1779 318 1836 πάντ’
356 1782 530 1855 ἐφορᾷ
570 1782 662 1838 καὶ
700 1794 811 1838 τῶν
844 1783 1168 1854 σιγωμένων
1200 1784 1414 1850 ἀκούει,
1477 1783 1660 1853 <414>
1697 1786 1755 1836 τί
1788 1781 1850 1836 δὲ

160 1878 379 1938 σιγᾶται
411 1867 538 1942 παρ’
574 1873 729 1943 ὑμῖν,
773 1872 806 1941 ἢ
839 1877 897 1927 τί
922 1875 1239 1944 κρύπτεται;
1282 1876 1333 1926 τί
1367 1875 1418 1927 δ’
1458 1871 1581 1943 οὐχὶ
1613 1870 1704 1924 καὶ
1734 1881 1850 1936 τοῖς
1875 1893 1916 1924 20

159 1958 384 2029 ἐχθροῖς
415 1962 664 2031 φανερὸν
703 1961 921 2031 γέγονε;
967 1964 1271 2031 πομπεύετε
1318 1963 1422 2033 γὰρ
1461 1969 1851 2032 παρανομοῦν-

157 2067 265 2117 τες,
303 2047 395 2101 καὶ
425 2047 554 2102 καθ’
594 2048 803 2121 ἡμέραν
836 2050 1033 2121 ἐρίζετε
1065 2054 1147 2114 τίς
1177 2053 1378 2120 χείρων
1411 2053 1717 2119 γενήσεται,
1755 2057 1852 2119 τῆς

157 2135 376 2199 ἀδικίας
427 2138 609 2206 ὥσπερ
672 2138 867 2209 ἀρετῆς
925 2138 1189 2203 ἐπίδειξιν
1248 2140 1589 2208 ποιούμενοι.
1667 2138 1851 2207 <415>

161 2228 543 2279 καταλείπεται
583 2224 631 2279 δ’
681 2227 829 2295 ὅμως
876 2230 955 2281 ἔτι
995 2230 1270 2298 σωτηρίας
1309 2228 1456 2296 ὁδός,
1497 2227 1594 2280 ἐὰν
1632 2225 1850 2296 θέλητε,

157 2311 248 2365 καὶ
287 2316 349 2367 τὸ
396 2320 559 2368 θεῖον
611 2315 1008 2369 εὐδιάλλακτον
1057 2314 1584 2385 ἐξομολογουμένοις
1629 2314 1720 2368 καὶ
1759 2335 1850 2384 με·
1875 2335 1918 2366 25

156 2409 471 2456 τανοοῦσιν.
550 2404 732 2474 <416>
772 2401 814 2457 ὦ
856 2407 1102 2476 σιδηροῖ,
1150 2405 1345 2474 ῥίψατε
1384 2405 1480 2467 τὰς
1525 2407 1852 2472 πανοπλίας,

158 2488 340 2560 λάβετ’
386 2494 493 2561 ἤδη
541 2492 1001 2563 κατερειπομένης
1055 2494 1194 2546 αἰδῶ
1249 2494 1544 2561 πατρίδος,
1601 2492 1852 2562 ἐπιστρά-

157 2600 313 2648 φητε,
346 2580 437 2634 καὶ
467 2583 751 2635 θεάσασθε
783 2583 843 2636 τὸ
876 2583 1076 2646 κάλλος
1099 2578 1163 2651 ἧς
1192 2583 1507 2652 προδίδοτε,
1539 2574 1662 2635 οἷον
1693 2583 1850 2650 ἄστυ,

157 2661 281 2721 οἷον
324 2670 499 2740 ἱερόν,
549 2671 699 2725 ὅσων
738 2671 925 2724 ἐθνῶν
965 2673 1131 2742 δῶρα.
1210 2670 1394 2739 <417>
1435 2668 1523 2723 ἐπὶ
1562 2671 1733 2724 ταῦτά
1772 2690 1854 2733 τις

158 2756 355 2826 ὁδηγεῖ
395 2762 602 2829 φλόγα;
658 2760 830 2813 ταῦτά
876 2779 957 2823 τις
1005 2758 1187 2829 μηκέτ’
1236 2755 1379 2812 εἶναι
1427 2758 1608 2823 θέλει,
1663 2757 1753 2811 καὶ
1801 2762 1858 2811 τί
1875 2779 1921 2811 30

157 2845 432 2910 σώζεσθαι
479 2851 694 2903 τούτων
741 2848 1067 2918 ἀξιώτερον;
1123 2850 1378 2916 ἄτεγκτοί
1426 2867 1486 2916 γε
1534 2845 1626 2900 καὶ
1674 2850 1854 2900 λίθων
