2032 3128
191 99 300 151 250
648 99 886 141 CONTRA
918 81 1185 141 APIONEM
1214 99 1327 141 LIB.
1352 99 1411 141 11.

189 233 400 302 capiens
447 232 618 284 nudos
665 235 825 300 atque
864 231 1071 283 vinctos
1110 231 1406 299 elephantis
1454 230 1764 299 subjecisset
1803 233 1865 282 ut

189 321 256 374 ab
297 321 373 373 eis
420 320 715 373 conculcati
760 319 1067 390 deficerent,
1112 322 1166 371 et
1213 319 1279 371 ad
1322 319 1424 372 hoc
1462 320 1624 372 etiam
1662 320 1864 373 bestias

187 410 332 478 ipsas
386 409 726 479 inebriasset,
782 409 840 461 in
892 407 1218 460 contrarium
1272 426 1405 477 quae
1458 413 1863 478 praeparaverat
2031 451 2032 498 1

188 516 426 550 evenere:
476 498 619 566 <54>
658 497 926 566 elephanti
965 498 1106 549 enim
1150 496 1510 565 relinquentes
1556 498 1660 550 sibi
1706 517 1864 566 appo-
2031 500 2032 514 ¹

187 586 322 638 sitos
362 586 611 656 Judaeos,
653 586 857 654 impetu
895 585 1037 638 facto
1078 603 1236 653 super
1275 585 1471 638 amicos
1511 587 1623 654 ejus
1662 586 1862 639 multos
1910 605 1932 638 5

185 691 250 726 ex
288 674 420 743 ipsis
460 675 788 727 interemere.
855 677 907 726 et
945 676 1069 743 post
1106 673 1236 726 haec
1272 672 1610 726 Ptolemaeus
1650 674 1862 743 quidem

185 766 458 831 aspectum
495 760 790 816 terribilem
825 762 1215 831 contemplatus
1254 765 1354 832 est,
1391 762 1767 830 prohibentem
1807 780 1862 814 se

183 856 244 905 ut
290 852 399 905 illis
445 855 658 905 noceret
699 851 1035 904 hominibus:
1082 850 1227 919 (55)
1268 850 1563 903 concubina
1601 868 1725 903 vero
1766 869 1862 904 sua

182 942 471 1012 carissima,
511 959 670 1010 quam
705 940 798 993 alii
831 940 1045 1009 quidem
1075 938 1312 992 Ithacam
1344 939 1437 992 alii
1467 958 1591 992 vero
1623 938 1863 992 Hirenen

182 1031 549 1099 denominant,
595 1028 928 1097 supplicante
974 1045 1041 1080 ne
1087 1030 1295 1080 tantam
1339 1027 1670 1096 impietatem
1714 1046 1860 1096 pera·
1886 1051 1929 1083 ιο

181 1121 352 1188 geret,
405 1118 454 1171 ei
508 1117 794 1187 concessit,
847 1119 900 1168 et
947 1134 1010 1168 ex
1063 1116 1148 1168 his
1201 1134 1336 1185 quae
1383 1116 1495 1184 jam
1549 1119 1731 1186 egerat
1777 1115 1862 1168 vel

181 1209 396 1259 acturus
438 1209 551 1259 erat
589 1205 975 1274 poenitentiam
1013 1205 1137 1274 egit.
1199 1204 1337 1256 unde
1375 1207 1517 1258 recte
1554 1204 1692 1257 hanc
1723 1204 1862 1257 diem

181 1296 370 1348 Judaei
412 1293 765 1347 Alexandriae
810 1293 1116 1364 constituti,
1163 1311 1223 1345 eo
1273 1292 1415 1361 quod
1461 1296 1642 1361 aperte
1688 1312 1718 1345 a
1763 1293 1861 1345 deo

181 1385 407 1437 salutem
445 1400 797 1453 promeruere,
835 1381 1100 1434 celebrare
1129 1385 1441 1435 noscuntur.
1503 1383 1645 1449 <56>
1679 1380 1862 1451 Apion

180 1476 358 1526 autem
398 1471 636 1524 omnium
674 1470 1026 1523 calumniator
1064 1471 1226 1523 etiam
1270 1474 1489 1539 propter
1528 1470 1729 1522 bellum
1777 1470 1861 1523 ad·
1886 1493 1929 1526 15
2004 1518 2023 1526 ,

182 1579 363 1614 versus
423 1559 757 1628 Physconem
823 1562 1035 1628 gestum
1096 1558 1329 1611 Judaeos
1401 1577 1646 1611 accusare
1714 1577 1861 1628 prae-

179 1649 429 1719 sumpsit,
469 1666 634 1717 quum
673 1665 764 1700 eos
803 1647 1018 1700 laudare
1057 1647 1315 1700 debuerit.
1392 1647 1439 1699 is
1479 1651 1658 1701 autem
1697 1647 1861 1700 etiam

180 1738 395 1790 ultimae
444 1734 758 1805 Cleopatrae
805 1736 1021 1806 reginae
1066 1735 1553 1788 Alexandrinorum
1601 1737 1860 1808 meminit,

175 1826 343 1879 veluti
387 1825 546 1878 nobis
592 1825 960 1893 improperans
1002 1825 1255 1893 quoniam
1303 1825 1440 1877 circa
1485 1843 1584 1877 nos
1630 1825 1736 1878 fuit
1782 1827 1859 1879 in-

175 1918 350 1985 grata3
397 1918 451 1966 et
495 1932 606 1966 non
651 1913 833 1982 potius
878 1913 1028 1965 illam
1072 1913 1390 1983 redarguere
1436 1913 1666 1985 studuit,
1712 1914 1856 1983 (57)
1881 1938 1923 1969 20

174 2005 260 2056 cui
296 2003 436 2055 nihil
468 2002 684 2055 omnino
716 2001 1014 2070 injustitiae
1047 2004 1100 2054 et
1137 2002 1403 2054 malorum
1436 2020 1656 2072 operum
1687 2003 1857 2056 defuit

174 2092 260 2145 vel
305 2092 443 2144 circa
489 2091 698 2160 generis
744 2090 1088 2161 necessariOS,
1133 2091 1218 2143 vel
1263 2091 1399 2143 circa
1444 2092 1667 2144 maritos
1715 2111 1858 2163 suOS,

175 2181 268 2251 qui
307 2180 469 2233 etiam
507 2179 806 2231 dilexerunt
837 2197 975 2250 eam,
1013 2179 1097 2232 vel
1134 2179 1192 2231 in
1229 2180 1498 2232 communi
1537 2183 1723 2233 contra
1752 2180 1858 2234 Ro-

172 2287 358 2322 manos
400 2286 582 2321 omnes
631 2271 683 2320 et
721 2268 1086 2320 benefactores
1134 2286 1260 2321 suos
1307 2268 1674 2340 imperatores,
1722 2288 1856 2340 quae

172 2358 335 2411 etiam
382 2375 620 2410 sororem
657 2356 925 2409 Arsinoen
971 2357 1164 2410 occidit
1210 2357 1267 2409 in
1305 2358 1523 2429 temp10,
1567 2358 1704 2411 nihil
1751 2359 1856 2412 sibi
1880 2377 1922 2411 25

169 2449 464 2499 nocentem.
547 2446 692 2514 <58>
738 2446 962 2515 peremit
1016 2449 1195 2498 autem
1248 2448 1302 2498 et
1353 2446 1576 2499 fratrem
1628 2447 1855 2518 insidiis,

169 2538 529 2604 paternosque
560 2535 687 2588 deos
719 2537 773 2586 et
808 2534 1049 2603 sepulcra
1085 2535 1493 2605 progenitorum
1532 2535 1855 2604 depopulata

170 2627 265 2676 est.
302 2655 304 2657 ·
334 2623 737 2693 percipiensque
768 2640 994 2693 regnum
1033 2642 1064 2676 a
1101 2623 1275 2692 primo
1308 2621 1549 2694 Caesare,
1587 2624 1700 2693 ejus
1739 2624 1852 2678 filio

171 2715 223 2764 et
263 2712 558 2765 successori
595 2711 854 2770 rebellare
892 2712 1268 2782 praesumpsit,
1305 2711 1710 2782 Antoniumque
1742 2731 1853 2765 cor-

167 2819 419 2869 rumpens
455 2800 742 2854 amatoriis
782 2800 940 2853 rebus
982 2804 1035 2853 et
1073 2801 1279 2870 patriae
1316 2801 1594 2853 inimicum
1632 2801 1758 2854 fecit
1798 2805 1851 2854 et
1875 2819 1919 2852 30

166 2889 432 2942 infidelem
465 2890 602 2942 circa
642 2907 768 2942 suos
809 2890 1007 2942 amicos
1047 2889 1303 2959 instituit,
1341 2889 1474 2942 alios
1515 2889 1728 2958 quidem
1766 2906 1851 2959 ge-
