2032 3128
254 92 360 144 160
671 97 796 138 ΤοΤ
825 97 1168 139 ΙοΤΔΑΙΚοΤ
1198 98 1507 141 ΠΟΛΕΜΟΥ

245 233 416 278 ταῦτα
461 237 575 290 τοῖς
619 227 744 299 περὶ
790 231 887 283 τὸν
929 227 1198 300 Ἐπιφανῆ
1245 231 1613 302 πυθομένοις,
1659 235 1931 304 πρότερον

245 317 463 384 σφόδρα
501 313 624 385 περὶ
656 325 756 370 τοῦ
787 320 992 386 πατρὸς
1031 320 1296 386 δεδιόσιν,
1336 318 1641 388 ἀνείθησαν
1674 321 1735 374 αἱ
1760 321 1931 388 ψυχαὶ

243 404 482 472 μεγάλης
519 402 610 456 καὶ
651 405 1026 460 δυσδιαθέτου
1068 409 1380 477 φροντίδος.
1459 409 1641 473 <242>
1680 401 1831 466 ἐλπὶς
1869 402 1932 457 δὲ

243 488 332 542 καὶ
387 491 575 549 αὐτοῖς
625 501 737 539 τῶν
789 494 936 555 παρὰ
958 532 963 533 ⁷
989 497 1269 559 Καίσαρος
1330 492 1644 558 διαλλαγῶν
1697 491 1931 561 ἐγένετο,

239 578 589 642 Βολογαίσου
637 574 762 644 περὶ
811 576 995 629 αὐτῶν
1043 576 1472 641 ἐπιστείλαντος·
1528 577 1660 632 οὐδὲ
1699 581 1803 650 γὰρ
1844 580 1932 634 εὐ-
1978 603 1999 636 5

243 665 637 732 δαιμονοῦντες
682 661 958 731 ὑπέμενον
1007 664 1107 728 ἔξω
1149 673 1244 734 τῆς
1273 664 1557 735 Ῥωμαίων
1598 670 1694 736 ζῆν
1736 669 1931 737 ἡγεμο-

241 755 376 814 νίας.
455 752 634 819 <243>
683 753 879 815 δόντος
927 750 988 805 δὲ
1028 755 1308 823 Καίσαρος
1353 754 1567 822 ἡμέρως
1606 756 1792 818 αὐτοῖς
1831 758 1931 825 τὴν

241 840 436 893 ἄδειαν
475 842 553 902 εἰς
584 838 792 908 Ῥώμην
831 839 1220 909 παρεγένοντο,
1259 848 1359 893 τοῦ
1398 861 1454 894 τε
1493 845 1696 910 πατρὸς
1731 844 1803 903 ὡς
1834 845 1932 894 αὐ-

240 931 371 991 τοὺς
395 927 453 981 ἐκ
477 935 571 996 τῆς
594 930 1012 996 Λακεδαίμονος
1043 928 1216 991 εὐθὺς
1248 928 1513 992 ἐλθόντος
1543 929 1718 996 πάσης
1750 928 1931 992 ἀξιού-

241 1036 398 1086 μενοι
436 1025 594 1086 τιμῆς
631 1015 930 1085 κατέμενον
974 1015 1231 1070 ἐνταῦθα.
1954 1043 1997 1075 ω

353 1105 536 1175 <244>
575 1106 636 1157 τὸ
678 1102 740 1158 δὲ
778 1114 889 1158 τῶν
923 1103 1168 1158 Ἀλανῶν
1199 1107 1365 1167 ἔθνος
1397 1104 1480 1158 ὅτι
1512 1103 1613 1174 μέν
1645 1107 1751 1158 εἰσι
1783 1106 1930 1158 Σκύ-

241 1199 343 1246 θαι
382 1192 507 1263 περὶ
547 1196 646 1248 τὸν
693 1194 901 1247 Τάναϊν
940 1193 1032 1246 καὶ
1073 1195 1174 1262 τὴν
1217 1197 1471 1246 Μαιῶτιν
1511 1197 1712 1262 λίμνην
1751 1213 1930 1247 κατοι-

240 1291 486 1350 κοῦντες,
525 1285 795 1352 πρότερόν
834 1301 942 1335 που
976 1282 1390 1351 δεδηλώκαμεν,
1429 1281 1610 1351 (245)
1641 1282 1775 1334 κατὰ
1806 1283 1930 1335 τού-

240 1391 368 1435 τους
415 1368 475 1424 δὲ
522 1373 651 1434 τοὺς
696 1373 932 1441 χρόνους
983 1370 1378 1439 διανοηθέντες
1427 1372 1504 1433 εἰς
1551 1371 1653 1439 τὴν
1700 1371 1930 1439 Μηδίαν

240 1458 331 1512 καὶ
369 1458 699 1528 προσωτέρω
740 1460 941 1526 ταύτης
972 1462 1050 1512 ἔτι
1081 1458 1209 1512 καθ’
1250 1458 1500 1529 ἁρπαγὴν
1541 1459 1816 1528 ἐμβαλεῖν,
1855 1466 1930 1530 τῷ
1955 1486 1998 1518 15

239 1552 461 1617 βασιλεῖ
503 1557 613 1601 τῶν
646 1547 933 1617 “Υρκανῶν
975 1546 1344 1616 διαλέγονται·
1400 1556 1496 1617 τῆς
1533 1549 1783 1617 παρόδου
1822 1548 1926 1617 γὰρ

241 1634 401 1700 οὗτος
441 1638 706 1705 δεσπότης
746 1636 922 1705 ἐστίν,
962 1637 1031 1705 ἣν
1072 1637 1100 1689 ὁ
1141 1639 1399 1706 βασιλεὺς
1434 1635 1790 1707 Ἀλέξανδρος
1826 1637 1928 1689 πύ-

239 1730 359 1788 λαις
398 1727 650 1795 σιδηραῖς
688 1727 944 1794 κλειστὴν
985 1725 1222 1794 ἐποίησε.
1299 1725 1480 1794 <246>
1528 1725 1787 1779 κάκείνου
1826 1725 1927 1793 τὴν

239 1815 461 1867 εἴσοδον
501 1814 687 1878 αὐτοῖς
716 1817 1117 1884 παρασχόντος,
1157 1814 1356 1881 ἀθρόοι
1387 1812 1478 1867 καὶ
1510 1811 1683 1883 μηδὲν
1715 1823 1926 1883 προϋπ-

238 1904 535 1956 οπτεύσασι
589 1912 704 1966 τοῖς
757 1905 981 1972 Μήδοις
1031 1903 1380 1965 ἐπιπεσόντες
1437 1904 1623 1972 χώραν
1684 1903 1924 1956 πολυάν-
1948 1928 1993 1960 20

236 1997 471 2061 θρωπον
510 1990 600 2045 καὶ
640 1995 918 2046 παντοίων
959 1991 1266 2061 ἀνάμεστον
1297 1992 1662 2061 βοσκημάτων
1695 1993 1925 2060 διήρπα-

239 2082 349 2148 ζον,
381 2081 617 2149 μηδενὸς
641 2082 827 2144 αὐτοῖς
850 2085 1163 2150 τολμῶντος
1187 2080 1588 2135 ἀνθίστασθαι·
1628 2080 1809 2149 <247>
1833 2077 1925 2132 καὶ

238 2169 343 2239 γὰρ
392 2169 421 2222 ὁ
468 2171 779 2238 βασιλεύων
826 2178 921 2238 τῆς
966 2171 1146 2239 χώρας
1185 2170 1443 2237 Πάκορος
1488 2170 1596 2244 ὑπὸ
1644 2168 1807 2232 δέους
1847 2170 1926 2231 εἰς

235 2259 330 2320 τὰς
380 2259 691 2328 δυσχωρίας
744 2259 1049 2328 ἀναφυγὼν
1101 2268 1213 2312 τῶν
1269 2255 1369 2328 μὲν
1425 2259 1610 2312 ἄλλων
1667 2257 1925 2310 ἁπάντων

234 2350 698 2416 παρακεχωρήκει,
739 2350 895 2415 μόλις
934 2344 995 2400 δὲ
1034 2346 1159 2417 παρ’
1207 2347 1390 2400 αὐτῶν
1430 2346 1698 2417 ἐρρύσατο
1733 2348 1835 2414 τήν
1866 2365 1924 2398 τε
1948 2371 1993 2404 25

235 2445 472 2503 γυναῖκα
532 2433 623 2487 καὶ
683 2437 778 2498 τὰς
830 2437 1110 2499 παλλακὰς
1165 2436 1543 2506 αἰχμαλώτους
1603 2434 1922 2504 γενομένας,

236 2521 432 2577 ἑκατὸν
487 2525 620 2587 δοὺς
672 2524 922 2577 τάλαντα.
1001 2524 1183 2594 <248>
1229 2525 1362 2594 μετὰ
1415 2528 1622 2593 πολλῆς
1672 2519 1775 2578 οὖν
1826 2523 1923 2595 ρᾳ-

233 2613 446 2681 στώνης
498 2611 691 2683 ἀμαχεὶ
743 2614 1070 2682 ποιούμενοι
1123 2615 1216 2676 τὰς
1278 2612 1552 2682 ἁρπαγάς,
1615 2611 1771 2681 μέχρι
1824 2620 1918 2680 τῆς

232 2698 518 2769 Ἀρμενίας
555 2705 848 2772 προῆλθον
897 2702 1074 2755 πάντα
1121 2706 1525 2771 λεηλατοῦντες.
1605 2701 1786 2768 <249>
1833 2703 1921 2753 Τι-

234 2791 461 2858 ριδάτης
516 2788 566 2843 δ’
619 2790 786 2858 αὐτῆς
841 2789 1183 2860 ἐβασίλευεν,
1238 2790 1299 2854 ὃς
1343 2789 1681 2852 ὑπαντιάσας
1734 2790 1920 2853 αὐτοῖς
1943 2815 1987 2846 3ο

234 2876 325 2930 καὶ
356 2879 726 2948 ποιησάμενος
763 2878 942 2949 μάχην
979 2880 1127 2950 παρὰ
1173 2881 1371 2949 μικρὸν
1409 2875 1586 2947 ἦλθεν
1626 2877 1707 2932 ἐπ’
1754 2879 1921 2949 αὐτῆς
