2032 3128
207 93 315 146 302
763 97 866 137 ΕΙΣ
896 97 1333 139 ΜΑΚΚΑΒΑΙΟΤΣ

206 229 343 281 ὥστε
398 247 462 296 με
510 226 585 281 δι’
625 227 863 297 ἐμαυτοῦ
916 230 1013 282 τὸν
1058 230 1291 297 πάτριον
1337 234 1639 283 καταλῦσαι
1696 232 1884 299 νόμον.

203 317 347 384 <66>
388 316 456 370 οὐ
493 317 773 384 ψεύσομαί
807 330 892 385 σε,
937 318 1202 370 παιδευτὰ
1241 320 1394 386 νόμε,
1434 315 1555 372 οὐδ’
1587 317 1887 387 ἑξομοῦμαι

205 420 292 473 σε,
344 407 478 474 φίλη
531 405 840 472 ἐγκράτεια,
894 402 1027 458 οὐδὲ
1079 415 1422 475 καταισχυνῶ
1471 421 1559 475 σε,
1612 409 1886 476 φιλόσοφε

205 496 353 561 λόγε,
401 490 522 546 οὐδ’
551 492 922 563 ἐξαρνήσομαί
963 507 1050 561 σε,
1095 494 1364 563 ἱερωσύνη
1403 497 1553 563 τιμία
1591 494 1682 548 καὶ
1721 514 1887 564 νομο-

204 583 396 644 θεσίας
442 580 731 650 ἐπιστήμη·
787 582 931 650 <67>
977 578 1111 634 οὐδὲ
1162 592 1373 650 μιανεῖς
1420 602 1527 651 μου
1574 585 1634 636 τὸ
1683 585 1887 652 σεμνὸν
1932 605 1954 636 5

203 678 397 739 γῆρας,
446 671 644 738 στόμα,
690 667 821 723 οὐδὲ
860 672 1099 739 νομίμου
1138 672 1265 739 βίου
1304 670 1538 739 ἡλικίαν.
1615 669 1787 739 ἁγνὸν
1827 672 1893 724 δέ

203 777 268 826 με
313 756 709 828 προσδέξονται
757 758 815 811 οἱ
856 757 1105 828 πατέρες,
1152 759 1225 828 μὴ
1275 757 1599 827 φοβηθέντα
1646 773 1747 812 σου
1794 760 1888 822 τὰς

203 845 360 916 μέχρι
399 846 648 900 θανάτου
684 845 950 914 ἀνάγκας·
990 846 1206 915 ἀσεβῶν
1238 843 1339 916 μὲν
1371 848 1475 916 γὰρ
1507 849 1886 916 τυραννήσεις,

201 944 312 987 τῶν
352 932 412 988 δὲ
460 935 606 1004 ἐμῶν
645 933 783 1006 ὑπὲρ
829 944 925 1005 τῆς
975 936 1255 1006 εὐσεβείας
1301 941 1581 1005 λογισμῶν
1621 937 1746 990 οὔτε
1795 938 1886 989 διὰ

202 1025 384 1090 λόγων
424 1025 550 1078 οὔτε
591 1023 665 1077 δι’
696 1027 873 1094 ἔργων
914 1024 1233 1087 δεσπόσεις.’
1909 1047 1952 1078 10

313 1114 457 1181 (68)
505 1121 703 1167 τοῦτον
750 1115 847 1167 τὸν
894 1116 1101 1184 τρόπον
1149 1113 1716 1183 ἀντιρρητορεύσαντοι
1769 1122 1888 1176 ταῖς

200 1210 302 1255 τοῦ
346 1202 625 1271 τυράννου
671 1205 1032 1271 παρηγορίαις
1077 1203 1432 1269 περιστάντες
1477 1203 1535 1256 οἱ
1579 1203 1887 1271 δορυφόροι

199 1300 407 1360 πικρῶς
451 1293 653 1357 ἔσυρον
701 1289 789 1344 ἐπὶ
842 1291 907 1343 τὰ
962 1292 1359 1359 βασανιστήρια
1405 1291 1503 1344 τὸν
1546 1287 1886 1357 Ἐλεάζαρον.

200 1377 290 1431 καὶ
342 1388 563 1449 πρῶτον
618 1376 718 1448 μὲν
768 1378 1103 1449 περιέδυσαν
1153 1380 1250 1432 τὸν
1300 1380 1536 1448 γηραιὸν
1587 1378 1886 1448 ἐγκοσμού-

200 1487 370 1535 μενον
421 1474 486 1536 τῇ
547 1465 672 1534 περὶ
733 1469 834 1535 τὴν
887 1467 1175 1536 εὐσέβειαν
1229 1467 1639 1537 εὐσχημοσύνῃ·
1703 1469 1885 1520 ἔπειτα
1909 1487 1952 1520 15

199 1558 728 1624 περιαγκωνίσαντες
767 1554 1110 1624 ἑκατέρωθεν
1144 1556 1361 1625 μάστιξι
1399 1553 1706 1626 κατῄκιζον,
1747 1556 1886 1609 επεί-

200 1650 366 1713 σθητι
411 1653 530 1707 ταῖς
573 1652 674 1698 τοῦ
727 1643 996 1712 βασιλέως
1043 1643 1318 1708 ἐντολαῖς’
1365 1642 1598 1713 ἑτέρωθι
1650 1647 1887 1714 κήρυκος

201 1732 547 1801 ἐπιβοῶντος.
610 1733 756 1802 <69>
793 1733 822 1787 6
856 1730 917 1786 δὲ
956 1735 1322 1803 μεγαλόφρων
1360 1732 1451 1786 καὶ
1489 1733 1719 1802 εὐγενὴς
1757 1731 1886 1801 ἀλη-

198 1825 315 1883 θῶς
345 1819 683 1891 Ἐλεάζαρος,
722 1822 903 1891 ὥσπερ
945 1821 1006 1875 ἐν
1038 1822 1236 1892 ὀνείρῳ
1276 1823 1722 1890 βασανιζόμενος,
1759 1817 1879 1874 κατ’

199 1908 403 1962 οὐδένα
441 1912 647 1979 τρόπον
681 1909 1051 1980 μετετρέπετο,
1091 1908 1211 1963 ἀλλ’
1232 1910 1451 1978 ὑψηλὸν
1483 1908 1771 1971 ἀνατείνας
1810 1911 1886 1972 εἰς
1910 1930 1953 1961 20

199 1998 441 2064 οὐρανὸν
481 2001 611 2062 τοὺς
651 1998 978 2068 ὀφθαλμοὺς
1016 1997 1334 2062 ἀπεξαίνετο
1373 2007 1491 2060 ταῖς
1537 1997 1753 2066 μάστιξι
1790 1998 1886 2060 τὰς

199 2086 402 2153 σάρκας
425 2086 454 2139 6
482 2085 660 2156 γέρων
688 2085 780 2140 καὶ
810 2096 1122 2157 κατερρεῖτο
1147 2095 1221 2159 τςό
1248 2088 1434 2156 αἵματι
1465 2084 1556 2140 καὶ
1587 2087 1653 2139 τὰ
1675 2086 1885 2155 πλευρὰ

198 2176 678 2243 κατετιτρώσκετο·
716 2175 861 2245 <70>
901 2174 992 2229 καὶ
1029 2177 1245 2229 πίπτων
1277 2177 1355 2238 είς
1386 2176 1663 2244 τοῦδαφος
1696 2174 1755 2227 ἐκ
1785 2181 1885 2226 τοῦ

199 2261 387 2330 μηκέτι
425 2262 617 2332 φέρειν
648 2265 709 2317 τὸ
744 2273 899 2333 σῶμα
933 2265 1029 2327 τὰς
1067 2264 1394 2332 ἀλγηδόνας,
1434 2263 1613 2333 ὀρθὸν
1645 2259 1754 2331 εἶχε
1792 2260 1886 2315 καὶ

199 2350 394 2420 ἀκλινῆ
449 2354 545 2405 τὸν
600 2355 883 2421 λογισμόν.
968 2352 1065 2417 λάξ
1120 2351 1187 2421 γέ
1236 2372 1321 2406 τοι
1374 2362 1485 2405 τῶν
1537 2361 1750 2421 πικρῶν
1804 2371 1886 2414 τις
1909 2370 1953 2402 25

199 2441 533 2510 δορυφόρων
577 2442 657 2503 εἰς
709 2444 839 2504 τοὺς
891 2450 1163 2504 κενεῶνας
1219 2440 1585 2510 ε’ναλλόμενος
1638 2442 1886 2509 ἔτυπτεν,

198 2528 344 2591 ὅπως
381 2527 718 2592 ἐξανίσταιτο
758 2532 997 2583 πίπτων·
1038 2530 1183 2598 <71>
1221 2529 1251 2582 ὃ
1285 2526 1347 2582 δὲ
1384 2531 1720 2598 τυπτόμενος
1757 2527 1886 2581 ὑπέ-

197 2636 326 2685 μενε
372 2620 502 2680 τοὺς
553 2620 761 2682 πόνους
812 2617 904 2671 καὶ
956 2621 1310 2689 περιεφρόνει
1357 2625 1453 2687 τῆς
1498 2616 1740 2686 ἀνάγκης
1792 2615 1885 2670 καὶ

197 2705 530 2776 διεκαρτέρει
569 2709 697 2770 τοὺς
735 2708 1050 2776 αἰκισμούς,
1097 2705 1189 2760 καὶ
1229 2706 1303 2770 ὡς
1347 2715 1603 2775 γενναῖος
1641 2705 1886 2774 ἀθλητὴς

196 2794 225 2847 6
266 2793 444 2864 γέρων
484 2793 639 2849 ἐνίκα
684 2797 813 2858 τοὺς
857 2798 1278 2864 βασανίζοντας,
1327 2795 1500 2863 ἰδρῶν
1541 2791 1601 2847 δὲ
1644 2795 1705 2846 τὸ
1752 2796 1883 2862 πρό-
1907 2815 1950 2847 zo
2031 2783 2032 2795 ¹

197 2897 384 2936 σωπον
429 2882 520 2936 καὶ
567 2885 787 2954 σφόδρα
834 2883 1231 2953 ἐπασθμαίνων
1276 2881 1368 2936 καὶ
1415 2881 1508 2936 ὑπ’
1549 2882 1733 2936 αὐτῶν
1774 2890 1884 2934 τῶν
