2032 3128
690 115 900 158 ΛΟΓΟΣ
932 116 1222 158 ΕΒΔοΜοΣ
1695 111 1799 163 159

116 248 310 319 ἀμαχεὶ
354 257 650 319 καρτερεῖν.
726 247 1016 317 τρέπονται
1056 244 1159 301 οὖν
1197 249 1334 318 πρὸς
1372 247 1544 316 ἀλκὴν
1575 243 1800 314 Ἐπιφα-

114 340 213 400 νής
251 356 306 389 τε
347 335 437 389 καὶ
470 339 816 399 Καλλίνικος.
885 336 1067 405 <233>
1107 337 1358 405 σφοδρᾶς
1398 333 1458 389 δὲ
1497 342 1592 404 τῆς
1630 334 1803 404 μάχης

115 418 204 471 καὶ
250 422 376 486 παρ’
414 424 548 486 ὅλην
595 426 696 491 τὴν
735 424 946 493 ἡμέραν
992 424 1315 493 γενομένης,
1362 423 1520 477 αὐτοὶ
1565 424 1665 492 τὴν
1706 422 1801 475 ἀν-

109 509 306 574 δρείαν
348 508 617 576 διαπρεπῆ
657 511 954 575 παρέσχον,
993 509 1083 559 καὶ
1123 504 1298 575 μηδὲν
1330 511 1698 578 ἐλαττωθείσῃ
1738 518 1801 580 τῇ

70 617 90 648 5
116 594 350 666 σφετέρα
390 594 623 662 δυνάμει
656 592 885 663 ἑσπέρας
921 595 1277 663 διελύθησαν.
1339 595 1520 662 (234)
1543 590 1806 668 Ἀντιόχῳ

114 679 165 737 δ’
202 682 322 737 οὐδ’
359 681 447 736 ἐπὶ
497 689 562 752 τῇ
617 683 760 753 μάχῃ
814 690 1013 736 τοῦτον
1063 686 1404 754 κεχωρηκυίᾳ
1456 684 1552 735 τὸν
1597 685 1804 752 τρόπον

113 770 301 840 μένειν
340 771 572 824 ἀνεκτὸν
604 769 808 820 ἐδόκει·
849 770 1035 837 λαβὼν
1069 767 1130 822 δὲ
1169 771 1270 838 τὴν
1308 779 1545 838 γυναῖκα
1582 769 1673 822 καὶ
1710 772 1804 834 τὰς

112 855 422 926 θυγατέρας
465 852 582 924 μετ’
614 854 841 908 ἐκείνων
885 855 1121 910 ἐποιεῖτο
1160 858 1262 926 τὴν
1301 859 1489 927 φυγὴν
1528 859 1607 920 εἰς
1647 861 1802 912 Κιλι-

111 947 257 1010 κίαν,
311 943 401 997 καὶ
455 952 619 997 τοῦτο
673 943 881 1012 πράξας
934 946 999 997 τὰ
1053 948 1378 1015 φρονήματα
1426 955 1537 999 τῶν
1584 947 1803 1000 οἰκείων

48 1053 89 1084 ιο
114 1041 460 1100 στρατιωτῶν
499 1030 858 1085 κατέκλασεν·
902 1033 1084 1102 <235>
1124 1034 1196 1096 ὡς
1235 1035 1339 1104 γὰρ
1380 1033 1803 1103 ἀπεγνωσμένης

112 1118 211 1173 ὑπ’
255 1120 427 1174 αὐτοῦ
481 1128 575 1188 τῆς
635 1123 916 1190 βασιλείας
969 1121 1279 1191 ἀπέστησαν
1333 1121 1424 1175 καὶ
1484 1125 1621 1193 πρὸς
1672 1125 1802 1185 τοὺς

105 1207 400 1278 Ῥωμαίους
440 1209 823 1278 μετεβάλοντο,
863 1208 954 1262 καὶ
992 1211 1213 1263 πάντων
1249 1212 1527 1279 πρόδηλος
1564 1206 1634 1279 ἧν
1668 1209 1801 1264 ἀπό-

111 1312 326 1366 γνωσις.
419 1298 599 1365 <236>
662 1295 795 1367 πρὶν
850 1293 952 1351 οὖν
1014 1297 1209 1361 τελέως
1271 1299 1629 1368 ἐρημωθῆναι
1690 1308 1800 1352 τῶν

112 1386 432 1456 συμμάχων,
480 1394 595 1448 τοῖς
640 1384 766 1455 περὶ
813 1388 910 1439 τὸν
951 1383 1220 1455 Ἐπιφανῆ
1270 1387 1463 1450 σώζειν
1503 1387 1703 1450 αὑτοὺς
1743 1387 1801 1440 ἐκ

43 1495 85 1525 15
110 1484 221 1528 τῶν
281 1477 561 1543 πολεμίων
621 1470 692 1542 ἦν
755 1474 1072 1542 ἀναγκαῖον.
1164 1473 1254 1527 καὶ
1320 1477 1607 1542 γίγνονται
1670 1474 1801 1528 δέκα

111 1564 419 1632 σύμπαντες
476 1563 654 1625 ἱππεῖς
681 1563 758 1615 ὀί
809 1558 926 1631 μετ’
963 1563 1135 1616 αὐτοῦ
1187 1565 1285 1616 τὸν
1331 1563 1635 1633 Εὐφράτην
1683 1565 1800 1617 δια-

108 1653 396 1720 βαλόντες,
437 1651 617 1719 <237>
656 1653 825 1704 ἔνθεν
863 1652 970 1720 ἤδη
1016 1650 1133 1719 μετ’
1166 1651 1354 1715 ἀδείας
1390 1654 1529 1722 πρὸς
1567 1654 1665 1706 τὸν
1703 1655 1800 1721 βα-

110 1739 264 1793 σιλέα
315 1749 428 1792 τῶν
474 1739 727 1807 Πάρθων
773 1743 1125 1809 Βολογαίσην
1170 1739 1530 1810 κομισθέντες
1580 1740 1679 1810 οὐχ
1727 1741 1801 1803 ὡς

108 1828 352 1898 φυγάδες
406 1828 944 1898 ὑπερηφανήθησαν,
1001 1824 1116 1882 ἀλλ’
1158 1829 1231 1891 ὡς
1285 1830 1364 1881 ἔτι
1410 1830 1512 1898 τὴν
1558 1830 1800 1882 παλαιὰν

12 1937 85 1969 ‘20
110 1919 324 1987 ἔχοντες
362 1917 724 1986 εὐδαιμονίαν
762 1918 938 1986 πάσης
978 1924 1135 1986 τιμῆς
1172 1916 1508 1986 ἠξιώθησαν.

218 2006 396 2074 <238>
431 2003 692 2079 Ἀντιόχῳ
733 2004 781 2058 δ’
816 2009 893 2068 εἰς
933 2007 1150 2074 Ταρσὸν
1191 2005 1477 2079 ἀφιγμένῳ
1517 2012 1610 2073 τῆς
1643 2008 1799 2058 Κιλι-

107 2097 226 2157 κιάς
266 2093 668 2164 ἑκατοντάρχην
694 2098 903 2157 Παῖτος
934 2093 1258 2163 ἐπιπέμψας,
1299 2092 1598 2163 δεδεμένον
1630 2094 1800 2147 αὐτὸν

107 2185 185 2245 εἰς
230 2181 442 2251 Ῥώμην
496 2181 827 2236 ἀπέστειλεν.
923 2183 1104 2251 <239>
1162 2180 1541 2245 ’ὅεσπασιανὸς
1602 2181 1649 2235 δ’
1698 2183 1799 2252 οὐχ

106 2270 401 2340 ὑπέμεινεν
450 2271 594 2325 οὕτω
647 2273 784 2341 πρὸς
831 2271 1001 2325 αὐτὸν
1047 2271 1361 2340 ἀναχθῆναι
1407 2273 1506 2325 τὸν
1552 2269 1798 2340 βασιλέα,

40 2380 82 2411 25
107 2367 201 2428 τῆς
249 2364 484 2422 παλαιᾶς
530 2359 700 2423 ἀξιῶν
739 2363 926 2429 φιλίας
972 2363 1183 2428 μᾶλλον
1223 2361 1361 2412 αἰδῶ
1402 2363 1594 2429 λαβεῖν
1632 2358 1666 2427 ἢ
1707 2360 1799 2412 διὰ

106 2449 207 2516 τὴν
254 2456 354 2501 τοῦ
408 2447 651 2517 πολέμου
705 2451 986 2518 πρόφασιν
1039 2447 1412 2518 ἀπαραίτητον
1460 2448 1633 2517 ὀργὴν
1681 2448 1798 2500 δια-

106 2538 420 2607 φυλάττειν.
468 2537 654 2606 <24Ο>
682 2538 892 2590 κελεύει
923 2537 990 2605 δὴ
1023 2535 1148 2590 καθ’
1176 2537 1312 2591 ὁδὸν
1337 2535 1413 2590 ἔτ’
1435 2538 1594 2600 ὄντος
1625 2536 1798 2589 αὐτοῦ

105 2628 467 2696 τῶνδεσμῶν
500 2626 893 2696 ἀφαιρεθῆναι,
933 2624 1024 2678 καὶ
1062 2625 1306 2692 παρέντα
1345 2627 1446 2694 τὴν
1478 2627 1556 2688 εἰς
1589 2623 1799 2694 Ῥώμην

106 2713 295 2783 ἄφιξιν
333 2717 394 2768 τὸ
435 2723 543 2768 νῦν
584 2714 643 2767 ἐν
681 2716 1058 2783 Λακεδαίμονι
1097 2715 1329 2782 διάγειν,
1373 2716 1575 2767 δίδωσί
1607 2733 1666 2767 τε
1704 2733 1797 2782 με-

37 2822 82 2854 30
107 2803 277 2870 γάλας
331 2803 476 2875 αὐτῷ
531 2805 844 2874 προσόδους
903 2804 1214 2873 χρημάτων,
1277 2803 1425 2866 ὅπως
1486 2804 1558 2871 μὴ
1621 2804 1797 2871 μόνον

106 2892 365 2961 ἄφθονον
404 2892 542 2945 ἀλλὰ
581 2891 671 2947 καὶ
711 2893 1004 2962 βασιλικὴν
1036 2894 1150 2963 ἔχοι
1189 2894 1290 2962 τὴν
1323 2893 1554 2945 δίαιταν.
1616 2891 1797 2960 <241>
