2032 3128
221 95 293 147 84
649 93 774 136 ΤΟΤ
803 92 1144 135 ΙΟΤΔΑΙΚΟΤ
1174 90 1484 134 ΠΟΛΕΜΟΥ

218 226 310 281 καὶ
357 228 422 280 τὰ
467 230 598 295 βέλη
647 223 748 295 μὲν
794 222 864 294 ἦν
912 223 1240 295 ἀμφοτέροις
1288 225 1530 294 ἄχρηστα
1575 221 1770 295 καὶτὰ
1810 225 1902 277 δό-
2031 245 2032 306 ἒ

219 335 372 386 ρατα,
414 314 756 383 σπασάμενοι
797 311 858 367 δὲ
897 315 962 367 τὰ
1002 314 1128 383 ξίφη
1170 310 1585 366 συνεπλέκοντο.
1649 310 1739 365 καὶ
1778 310 1904 381 περὶ
2030 307 2032 383 Ῐ

218 405 320 472 τὴν
374 403 661 472 συμβολὴν
716 404 940 471 ἄκριτον
993 398 1063 470 ἧν
1119 399 1470 469 ὁποτέρωθεν
1532 399 1750 454 ἕκαστοι
1805 401 1904 468 μά-
2031 395 2032 416 ¹

219 511 434 562 χοιντο,
486 489 858 561 πεφυρμένων
912 487 1013 559 μὲν
1063 498 1173 542 τῶν
1224 488 1447 560 ἀνδρῶν
1493 487 1584 542 καὶ
1629 487 1755 559 περὶ
1804 490 1907 557 τὴν

219 582 591 650 στενοχωρίαν
647 577 1096 648 διηλλαγμένων,
1151 584 1245 646 τῆς
1297 574 1358 629 δὲ
1407 580 1540 647 βοῆς
1589 576 1905 646 ἀσημάντου
1953 595 1974 628 5

218 668 666 739 προσπιπτούσης
722 668 814 720 διὰ
867 669 928 720 τὸ
983 664 1232 735 μέγεθος.
1310 665 1470 734 <76>
1520 667 1694 733 φόνος
1748 663 1788 718 τ’
1837 660 1908 733 ἦν

221 755 564 828 ἑκατέρωθεν
611 757 811 824 πολύς,
860 756 951 808 καὶ
999 763 1109 807 τῶν
1157 756 1442 807 πεσόντων
1488 753 1554 806 τά
1591 773 1649 806 τε
1689 753 1910 822 σώματα

220 843 312 898 καὶ
357 845 452 907 τὰς
497 846 803 907 πανοπλίας
848 851 1150 906 πατοῦντες
1197 844 1443 913 ἔθραυον
1491 843 1550 896 οί
1595 845 1909 912 μαχόμενοι.

221 935 361 1002 <77>
412 931 496 986 ἀεὶ
551 931 598 986 δ’
647 931 734 1002 ἐφ’
780 933 1047 1003 ὁπότερον
1092 933 1299 1001 βρίσειε
1350 929 1533 1001 ῥέπων
1581 930 1610 984 ὁ
1657 933 1911 1000 πόλεμος,

220 1020 616 1090 παρακέλευσις
654 1018 756 1090 μὲν
795 1017 864 1089 ἧν
900 1028 1011 1073 τῶν
1042 1021 1542 1087 πλεονεκτούντων,
1582 1017 1817 1088 οἰμωγαὶ
1851 1015 1912 1072 δὲ
1937 1036 1979 1070 10

220 1119 331 1163 τῶν
370 1108 737 1180 τρεπομένων.
811 1109 937 1162 οὔτε
979 1105 1028 1161 δ’
1070 1108 1132 1161 αἱ
1165 1106 1340 1177 φυγαὶ
1379 1109 1549 1161 τόπον
1589 1103 1739 1178 εἶχον
1777 1105 1900 1161 οὔθ’

222 1199 284 1251 αἱ
317 1198 555 1266 διώξεις,
594 1195 714 1250 ἀλλ’
760 1197 1076 1267 ἀγχώμαλοι
1109 1194 1277 1267 ῥοπαὶ
1307 1193 1399 1249 καὶ
1430 1198 1785 1265 μετακλήσεις
1823 1215 1915 1265 με-

222 1285 487 1357 μιγμένης
526 1286 814 1355 ἐγίγνοντο
854 1293 951 1354 τῆς
987 1283 1351 1355 παρατάξεως.
1407 1284 1551 1353 <78>
1588 1293 1704 1347 τοῖς
1735 1282 1783 1336 δ’
1824 1286 1915 1353 ἔμ-

220 1380 472 1446 προσθεν
522 1373 876 1443 γιγνομένοις
922 1373 955 1442 ἢ
1003 1381 1103 1427 τοῦ
1152 1375 1387 1426 κτείνειν
1425 1372 1459 1441 ἢ
1498 1380 1598 1426 τοῦ
1643 1374 1915 1442 θνήσκει-ν

222 1463 431 1533 ἀνάγκη
471 1470 673 1533 παρῆν,
714 1462 816 1515 οὐκ
852 1463 1024 1531 οὔσης
1055 1461 1362 1531 ἀναφυγῆς·
1405 1462 1464 1515 οὗ
1497 1462 1602 1530 γὰρ
1641 1462 1778 1515 κατὰ
1807 1462 1915 1515 νώ-
1939 1479 1983 1512 15

221 1572 320 1605 του
376 1554 565 1622 πρόσω
621 1553 938 1620 βιαζόμενοι
991 1552 1122 1614 τοὺς
1173 1549 1474 1621 σφετέρους
1522 1549 1648 1620 παρ’
1708 1549 1916 1619 ἀμφοῖν

223 1638 355 1694 οὐδὲ
401 1648 464 1710 τῆ
513 1640 657 1710 μάχη
710 1643 1031 1709 μεταίχμιον
1076 1637 1386 1692 κατέλιπον.
1462 1639 1621 1707 <79>
1659 1643 1917 1692 πλεονεκ-

222 1731 472 1784 τούντων
515 1726 577 1782 δὲ
623 1738 734 1782 τῶν
768 1726 1057 1782 Ἰουδαίων
1103 1737 1219 1791 τοῖς
1256 1733 1462 1797 θυμοῖς
1507 1728 1608 1796 τὴν
1640 1726 1918 1797 Ῥωμαίων

225 1817 540 1889 ἐμπειρίαν,
588 1819 680 1871 καὶ
727 1816 1056 1887 κλινομένης
1101 1814 1230 1870 καθ’
1277 1818 1423 1869 ἅπαν
1468 1817 1575 1885 ἤδη
1614 1823 1710 1885 τῆς
1747 1834 1919 1885 παρα-

223 1906 424 1971 τάξεως
463 1905 593 1978 (ἀπὸ
634 1907 740 1975 γὰρ
780 1905 977 1975 ἐνάτης
1008 1907 1207 1968 νυκτὸς
1247 1905 1391 1975 ὥρας
1429 1906 1508 1968 εἰς
1543 1903 1786 1974 ἑβδόμην
1825 1913 1921 1973 τῆς
1944 1924 1986 1956 20

223 1993 429 2064 ἡμέρας
476 1993 809 2064 ἐπολέμουν,
859 1994 1005 2064 <8Ο>
1046 1997 1104 2048 οἳ
1147 1990 1248 2063 μὲν
1296 1993 1499 2062 ἀθρόοι
1544 1991 1637 2046 καὶ
1682 1995 1781 2046 τὸν
1826 2000 1922 2061 τῆς

224 2082 478 2146 ἁλώσεως
515 2085 784 2137 κίνδυνον
824 2086 1041 2154 ἔχοντες
1081 2082 1343 2154 ἀνδρείας
1383 2082 1633 2152 ἐφόδιον,
1667 2080 1923 2151 Ῥωμαῖοι

226 2168 287 2224 δὲ
337 2171 490 2242 μέρει
539 2180 635 2241 τῆς
682 2173 1000 2241 δυνάμεως,
1057 2172 1212 2225 οὔπω
1261 2172 1366 2240 γὰρ
1415 2170 1811 2240 ἐπαναβεβήκει
1856 2170 1923 2222 τά

223 2260 489 2329 τάγματα,
527 2260 802 2323 κάκείνοις
834 2260 1125 2330 ἐπανεῖχον
1160 2261 1219 2314 oc
1246 2247 1599 2331 μαχόμενοι),
1637 2260 1760 2311 τότε
1791 2277 1922 2327 κρα-

224 2355 342 2402 τεῖν
380 2357 474 2418 τῆς
507 2345 804 2412 Ἀντωνίας
852 2349 1099 2420 ἀποχρῆν
1140 2346 1227 2401 ἐπὶ
1268 2356 1368 2402 τοῦ
1406 2349 1680 2418 παρόντος
1725 2345 1922 2399 ἐδόκει.
1948 2364 1992 2398 25

337 2438 481 2506 <81>
513 2436 820 2500 Ἰουλιανὸς
861 2436 928 2490 δέ
962 2457 1044 2500 τις
1091 2435 1490 2508 ἑκατοντάρχης
1531 2443 1642 2488 τῶν
1683 2433 1789 2487 ἀπὸ
1828 2442 1925 2503 τῆς

223 2528 522 2595 Βιθυνίας,
561 2526 666 2580 οὐκ
708 2527 918 2595 ἄσημος
958 2527 1036 2579 ὢν
1077 2526 1242 2596 ἀνήρ,
1282 2521 1361 2579 ὧν
1402 2524 1508 2593 ἐγὼ
1547 2521 1662 2576 κατ’
1710 2522 1924 2576 ἐκεῖνον

227 2614 492 2684 ἱστόρησα
545 2616 645 2669 τὸν
699 2617 945 2683 πόλεμον
1001 2615 1188 2668 ὅπλων
1242 2613 1286 2667 τ’
1339 2612 1590 2683 ἐμπειρία
1639 2609 1731 2664 καὶ
1786 2610 1924 2680 ἀλκῇ

226 2703 478 2772 σώματος
507 2701 599 2756 καὶ
622 2710 803 2774 ψυχῆς
825 2706 1207 2774 παραστήματι
1231 2703 1456 2756 πάντων
1481 2702 1727 2770 ἄριστος,
1781 2700 1926 2767 <82>

226 2791 375 2861 ὁρῶν
413 2794 543 2856 τοὺς
573 2790 871 2862 Ῥωμαίους
920 2791 1242 2854 ἐνδιδόντας
1287 2793 1394 2860 ἤδη
1438 2788 1530 2843 καὶ
1569 2797 1747 2851 κακῶς
1787 2787 1924 2857 ἀμυ-
1948 2809 1993 2841 30

223 2878 496 2950 νομένους
547 2880 920 2954 (παρειστήκει
970 2878 1032 2934 δὲ
1086 2883 1228 2954 Τίτῳ
1275 2879 1412 2933 κατὰ
1457 2879 1561 2948 τὴν
1592 2873 1924 2947 Ἀντωνίαν)
