2032 3128
702 90 913 132 ΛΟΓΟΣ
943 90 1265 132 ΠΡΟΤΕΡΟΣ
1723 87 1830 140 193

143 222 477 292 ἀποβλέπειν
516 222 688 290 τιμάς,
730 222 870 276 ἀλλά
908 225 969 276 τὸ
1010 221 1169 290 γένος
1208 222 1471 288 ἐξετάζειν
1504 222 1563 276 ἐκ
1594 233 1705 276 τῶν
1736 221 1832 293 ἀρ-

0 307 1 341 ἱ
143 315 307 381 χείων
346 311 698 380 λαμβάνοντα
736 313 838 378 τὴν
879 313 1147 381 διαδοχὴν
1186 310 1277 364 καὶ
1323 313 1563 374 πολλοὺς
1601 313 1833 381 παρεχό-

144 420 313 468 μενον
345 400 639 468 μάρτυρας.
701 399 846 468 <32>
883 398 974 452 καὶ
1009 409 1180 453 ταῦτα
1218 401 1526 469 πράττομεν
1559 400 1626 453 οὐ
1658 401 1833 468 μόνον

143 486 229 540 ἐπ’
264 488 433 556 αὐτῆς
466 475 779 556 Ἰουδαίας,
810 485 927 541 ἀλλ’
969 489 1108 542 ὅπου
1147 486 1278 542 ποτὲ
1318 489 1566 557 σύστημα
1605 497 1705 542 τοῦ
1743 486 1832 556 γέ-

97 598 118 630 5
142 596 277 638 νους
338 575 487 629 ἐστὶν
548 576 730 645 ἡμῶν,
797 576 954 630 κάκεῖ
1012 575 1264 646 τάκριβὲς
1324 576 1658 640 ἀποσώζεται
1719 586 1835 640 τοῖς

143 666 350 732 ἱερεῦσι
412 664 536 733 περὶ
593 668 724 728 τοὺς
784 666 1018 734 γάμους·
1082 667 1224 734 <33>
1278 665 1418 733 λέγω
1476 662 1537 717 δὲ
1589 669 1719 728 τοὺς
1771 666 1832 719 ἐν

140 754 407 825 Αἰγύπτῳ
447 752 538 806 καὶ
577 757 893 822 Βαβυλῶνι,
935 752 1028 806 καὶ
1067 759 1123 807 εἴ
1161 774 1271 807 που
1311 762 1404 822 τῆς
1442 755 1610 822 ἄλλης
1650 755 1834 807 οἰκου-

141 841 310 910 μένης
347 849 447 894 τοῦ
487 840 685 909 γένους
722 851 833 893 τῶν
873 840 1065 908 ἱερέων
1097 844 1210 894 εἰσί
1243 861 1388 904 τινες
1427 841 1833 910 διεσπαρμένοι.

139 930 415 1000 πέμπουσι
455 932 559 1000 γὰρ
597 932 674 993 εἰς
703 929 1060 1006 Ἱεροσόλυμα
1093 931 1511 999 συγγράψαντες
1548 932 1832 999 πατρόθεν

73 1043 117 1074 ιο
139 1020 386 1088 τοῦνομα
417 1027 512 1087 τῆς
546 1018 862 1088 γημαμένης
900 1021 992 1072 καὶ
1030 1029 1142 1072 τῶν
1176 1019 1356 1073 ἐπάνω
1389 1023 1702 1090 προγόνων,
1741 1017 1833 1072 καὶ

137 1111 283 1171 τίνες
322 1109 381 1161 οἱ
422 1116 846 1177 μαρτυροῦντες.
924 1108 1068 1176 <34>
1106 1111 1346 1178 πόλεμος
1386 1107 1434 1161 δ’
1465 1111 1517 1162 εἰ
1551 1107 1832 1177 κατάσχοι,

137 1196 389 1265 καθάπερ
430 1197 536 1264 ἤδη
577 1195 771 1264 γέγονε
811 1198 1097 1263 πολλάκις,
1132 1195 1420 1268 Ἀντιόχου
1459 1216 1517 1250 τε
1554 1204 1655 1250 τοῦ
1686 1195 1833 1248 Ἐπι-

137 1293 351 1353 φανοῦς
419 1287 498 1347 εἰς
562 1286 664 1354 τὴν
725 1286 912 1355 χώραν
974 1285 1311 1354 ἐμβαλόντος
1378 1283 1470 1338 καὶ
1534 1286 1833 1354 Πομπηίου

138 1374 378 1441 Μάγνου
409 1372 501 1426 καὶ
527 1376 854 1426 Κυιντιλίου
888 1372 1099 1443 ’ὅάρου,
1138 1374 1373 1442 μάλιστα
1406 1370 1466 1426 δὲ
1497 1371 1590 1426 καὶ
1622 1373 1684 1426 ἐν
1716 1382 1834 1436 τοῖς

70 1485 113 1517 15
137 1460 265 1516 καθ’
291 1463 433 1531 ἡμᾶς
467 1465 708 1531 χρόνοις,
747 1461 891 1530 <35>
924 1464 982 1516 οἱ
1015 1465 1460 1532 περιλειπόμενοι
1491 1472 1603 1515 τῶν
1638 1461 1832 1532 ἱερέων

135 1551 297 1604 καινὰ
335 1551 504 1604 πάλιν
544 1550 603 1603 ἐκ
640 1561 752 1604 τῶν
792 1550 1038 1619 ἀρχαίων
1078 1552 1414 1620 γραμμάτων
1456 1554 1832 1619 συνίστανται,

134 1638 226 1693 καὶ
266 1639 624 1708 δοκιμάζουσι
663 1641 760 1702 τὰς
797 1640 1234 1709 ὑπολειφθείσας
1272 1649 1552 1708 γυναῖκας.
1622 1639 1690 1693 οὐ
1725 1640 1831 1708 γὰρ

135 1731 214 1781 ἔτι
259 1728 356 1791 τὰς
401 1730 781 1798 αἰχμαλώτους
826 1727 1128 1796 γενομένας
1172 1733 1517 1798 προσίενται,
1567 1729 1834 1791 πολλάκις

134 1827 434 1885 γεγονυῖαν
503 1817 694 1880 αὐταῖς
761 1818 863 1885 τὴν
930 1819 1068 1886 πρὸς
1137 1817 1461 1884 ἀλλόφυλον
1527 1821 1831 1870 κοινωνίαν

13 1938 17 1939 ⁷
66 1929 112 1961 20
134 1906 506 1975 ὑφορώμενοι.
584 1906 729 1975 <36>
778 1893 1075 1975 τεκμήριον
1123 1903 1198 1959 δὲ,
1231 1906 1491 1974 μέγιστον
1537 1914 1632 1975 τῆς
1678 1905 1831 1976 ἀκρι-

135 1998 310 2064 βειάς·
354 1997 412 2048 οἱ
445 1996 550 2063 γὰρ
592 1996 756 2063 ἱερεῖς
796 1997 854 2048 οἱ
886 1992 1015 2064 παρ’
1045 1994 1179 2063 ἡμῖν
1219 1996 1325 2049 ἀπὸ
1367 1996 1655 2065 δισχιλίων
1691 1993 1830 2048 ἐτῶν

136 2082 435 2152 ὀνομαστοὶ
474 2086 668 2147 παῖδες
707 2084 767 2137 ἐκ
805 2087 1011 2153 πατρός
1049 2086 1192 2137 εἰσιν
1224 2083 1284 2137 ἐν
1315 2094 1434 2147 ταῖς
1469 2083 1831 2153 ἀναγραφαῖς.

137 2164 219 2232 οἷς
266 2169 327 2224 δὲ
373 2181 485 2225 τῶν
524 2172 830 2242 εἰρημένων
870 2173 1061 2227 ὁτιοῦν
1107 2171 1326 2240 γένοιτο
1372 2174 1453 2236 εἰς
1496 2173 1829 2243 παράβασιν,

136 2259 507 2329 ἀπηγόρευται
540 2264 672 2330 μήτε
705 2271 820 2324 τοῖς
849 2264 1059 2330 βωμοῖς
1089 2265 1465 2333 παρίστασθαι
1505 2264 1638 2330 μήτε
1677 2260 1831 2330 μετέ-

65 2372 112 2405 25
135 2368 253 2418 χειν
291 2356 388 2418 τῆς
425 2351 596 2419 ἄλλης
633 2349 925 2419 ἁγιστείας.
1000 2350 1145 2418 <37>
1187 2352 1422 2416 εἰκότως,
1447 2347 1572 2419 οὖν,
1618 2355 1830 2420 μᾶλλον

137 2436 185 2490 δ’
218 2437 555 2508 ἀναγκαίως,
602 2440 695 2492 ἅτε
742 2441 874 2508 μήτε
922 2447 1022 2493 τοῦ
1068 2439 1417 2509 ὑπογράφειν
1465 2439 1827 2502 αὐτεξουσίου

134 2535 304 2580 πᾶσιν
343 2530 506 2591 ὄντος
551 2530 684 2597 μήτε
723 2530 875 2590 τινὸς
915 2527 976 2580 ἐν
1013 2537 1129 2591 τοῖς
1175 2527 1550 2599 γραφομένοις
1597 2528 1831 2597 ἐνούσης

136 2617 468 2686 διαφωνίας,
515 2616 654 2670 ἀλλὰ
702 2619 890 2686 μόνων
933 2626 1045 2670 τῶν
1090 2626 1393 2686 προφητῶν
1432 2618 1497 2670 τὰ
1545 2614 1647 2686 μὲν
1687 2616 1829 2670 ἀνω-

134 2705 275 2772 τάτω
315 2704 407 2758 καὶ
449 2709 754 2759 παλαίτατα
793 2706 929 2758 κατὰ
968 2707 1070 2775 τὴν
1110 2705 1402 2760 ἐπίπνοιαν
1441 2707 1543 2774 τὴν
1582 2705 1688 2759 ἀπὸ
1729 2714 1828 2759 τοῦ

64 2816 110 2849 30
134 2799 276 2847 θεοῦ
315 2796 633 2862 μαθόντων,
673 2794 739 2846 τὰ
780 2790 840 2846 δὲ
878 2791 1007 2846 καθ’
1038 2794 1242 2857 αὑτοὺς
1282 2795 1355 2858 ὡς
1390 2793 1606 2863 ἐγένετο
1640 2802 1830 2864 σαφῶς

136 2886 590 2952 συγγραφόντων.

226 2978 434 3010 Iosnmms.
459 2978 525 3011 VI.
1506 2974 1559 3013 13
