2032 3128
733 84 944 126 ΛοΓοΣ
975 84 1276 125 ΠΕΜΠΤοΣ
1773 80 1846 132 43

163 219 191 272 ὃ
232 218 393 288 φέροι
431 215 557 286 μεθ’
601 217 797 284 αὑτοῦ,
850 217 1284 285 σπουδαιότερον
1324 216 1353 269 ὁ
1394 217 1619 277 Αἰνείας
1659 215 1843 267 διαπε-

160 307 327 368 τάσας
371 307 469 358 τὸν
514 308 722 358 κόλπον
768 304 1164 375 προσέδραμεν.
1241 304 1423 372 <328>
1470 303 1742 372 ἀράμενος
1782 299 1836 355 δ’

162 395 191 448 ὁ
238 394 472 461 Κάστωρ
518 392 724 460 πέτραν
778 393 1076 462 ἐπαφίησιν
1124 392 1299 463 αὐτῷ,
1352 390 1442 444 καὶ
1488 393 1688 445 τούτου
1743 387 1846 459 μὲν

163 483 422 551 διήμαρτε
470 480 888 551 φυλαξαμένου,
933 482 1217 549 τιτρώσκει
1259 478 1321 533 δὲ
1361 482 1697 548 στρατιώτην
1737 479 1847 532 ἕτε-

110 592 138 625 5
162 590 264 639 ρον
309 575 707 640 προσελθόντα.
786 572 969 640 <329>
1016 573 1328 638 συννοήσας
1375 567 1437 622 δὲ
1483 572 1699 639 Καῖσαρ
1747 570 1848 637 τὴν

161 658 389 728 ἀπάτην,
428 663 566 730 πρὸς
603 661 812 729 βλάβης
851 657 952 727 μὲν
991 661 1132 727 ἔγνω
1171 660 1269 712 τὸν
1301 658 1361 711 ἐν
1391 656 1652 726 πολέμοις
1691 660 1848 710 ἔλεον

162 746 249 816 (τὸ
289 749 392 815 γὰρ
433 747 805 818 ἀπηνέστερον
838 745 1004 816 ἧττον
1038 748 1367 801 ὑποπίπτειν
1397 754 1472 818 τῷ
1503 745 1849 817 πανούργῳ),

159 835 254 897 τὰς
293 834 346 888 δ’
391 835 626 905 ἐμβολὰς
663 843 761 904 τῆς
808 835 1107 898 ἑλεπόλεως
1157 836 1293 905 ὀργῇ
1333 843 1429 903 τῆς
1467 837 1663 904 χλεύης
1702 832 1848 886 ἐποι-

159 932 270 977 εῖτο
311 923 704 994 δυνατωτέρας.
782 925 966 992 <330>
1016 924 1357 977 ὑποδιδόντα
1398 921 1458 976 δὲ
1497 926 1596 977 τὸν
1633 924 1848 991 πύργον

88 1034 136 1067 10
159 1009 533 1082 ἐμπιμπρᾶσιν
582 1014 641 1065 οἱ
681 1011 808 1081 περὶ
854 1015 951 1066 τὸν
991 1013 1278 1080 Κάστορα,
1324 1010 1416 1064 καὶ
1449 1012 1542 1064 διὰ
1580 1019 1676 1080 τῆς
1714 1015 1850 1079 φλο-

157 1101 254 1167 γὸς
292 1102 370 1163 είς
407 1102 509 1169 τὴν
549 1099 642 1154 ὑπ’
689 1101 836 1173 αὐτῷ
876 1102 1124 1170 κρυπτὴν
1171 1099 1433 1169 ἁλάμενοι
1473 1100 1640 1153 πάλιν
1681 1100 1850 1164 δόξαν

158 1187 416 1257 ἀνδρείας
449 1188 732 1259 Ῥωμαίοις
767 1189 1045 1259 παρέσχον
1077 1190 1151 1252 ὡς
1183 1190 1444 1260 ῥίψαντες
1475 1197 1618 1258 σφᾶς
1650 1189 1852 1251 αὐτοὺς

157 1278 236 1339 εἰς
272 1279 335 1330 τὸ
373 1286 500 1346 πῦρ.
1843 1276 1846 1281 ’

268 1365 451 1434 <331>
507 1367 655 1436 αἱρεῖ
710 1364 771 1419 δὲ
826 1369 1043 1435 Καῖσαρ
1098 1367 1267 1436 ταύτῃ
1321 1367 1382 1418 τὸ
1444 1375 1622 1435 τεῖχος
1676 1364 1851 1435 ἡμέρᾳ
1884 1365 1916 1416 8

88 1475 135 1508 15
157 1451 371 1525 πέμπτῃ
410 1456 544 1522 μετὰ
582 1457 643 1508 τὸ
683 1464 924 1524 πρῶτον,
961 1453 1054 1509 καὶ
1090 1465 1201 1508 τῶν
1227 1453 1515 1508 Ἰουδαίων
1554 1457 1852 1523 φυγόντων

157 1540 246 1594 ἀπ’
295 1543 468 1596 αὑτοῦ
506 1543 837 1614 παρέρχεται
876 1545 1008 1613 μετὰ
1047 1547 1243 1614 χιλίων
1283 1544 1524 1597 ὁπλιτῶν
1564 1543 1730 1596 ε”νδον
1761 1541 1852 1595 καὶ

154 1639 267 1682 τῶν
305 1629 430 1701 περὶ
471 1632 641 1686 αὐτὸν
680 1632 996 1701 ἐπιλέκτων,
1034 1628 1164 1685 καθ’
1203 1632 1232 1685 ὃ
1264 1630 1356 1684 καὶ
1395 1639 1489 1700 τῆς
1526 1638 1718 1700 καινῆς
1755 1633 1852 1684 πό-

159 1723 298 1782 λεως
337 1719 635 1789 ἐριοπώλιά
673 1717 719 1773 τ’
757 1718 828 1790 ἦν
866 1720 956 1774 καὶ
995 1726 1217 1790 χαλκεῖα
1256 1719 1346 1773 καὶ
1388 1721 1618 1789 ἱματίων
1659 1719 1852 1790 ἀγορά,

154 1809 292 1875 πρὸς
346 1806 425 1861 δὲ·
459 1811 520 1862 τὸ
575 1820 754 1880 τεῖχος
810 1811 1036 1878 πλάγιοι
1090 1808 1405 1863 κατέτεινον
1462 1810 1521 1863 015
1568 1811 1851 1862 στενωποί.

12 1926 17 1929 ⁴
85 1919 132 1952 20
157 1895 340 1965 (332)
389 1899 441 1950 εί
484 1895 586 1966 μὲν
631 1894 736 1951 οὖν
783 1898 816 1967 ἢ
863 1907 964 1952 τοῦ
1010 1902 1224 1968 τείχους
1269 1897 1440 1951 πλέον
1486 1896 1698 1960 εὐθέως
1745 1896 1854 1950 διέ-

155 1989 325 2038 λυσεν
358 1985 391 2055 ἢ
423 1986 669 2055 πολέμου
708 1990 863 2060 νόμῳ
901 1989 1202 2056 παρελθὼν
1241 1987 1471 2055 ἐπόρθει
1510 1988 1571 2039 τὸ
1613 1985 1854 2055 ληφθέν,

157 2073 257 2125 οὐκ
297 2073 367 2127 ἂν
406 2071 565 2144 οἶμαί
597 2096 680 2138 τις
719 2075 877 2145 ἐμίγη
917 2077 1095 2146 βλάβη
1135 2084 1212 2148 τῷ
1249 2077 1451 2145 κράτει.
1522 2075 1706 2144 <333>
1744 2083 1853 2128 νῦν

157 2158 219 2214 δὲ
265 2157 571 2226 Ἰουδαίους
625 2162 727 2233 μὲν
782 2165 1005 2228 ἐλπίσας
1060 2166 1413 2233 δυσωπήσειν
1468 2163 1592 2230 ἐξὸν
1643 2172 1853 2217 κακοῦν

154 2257 230 2322 τῷ
271 2253 344 2320 μὴ
384 2250 602 2321 θέλειν,
641 2254 782 2321 πρὸς
821 2253 1174 2324 ἀναχώρησιν
1211 2253 1423 2323 εὐμαρῆ
1458 2254 1558 2322 τὴν
1591 2253 1853 2321 εἰσβολὴν

86 2361 132 2394 25
157 2339 258 2392 οὐκ
298 2340 623 2394 ἐπλάτυνεν·
680 2342 748 2395 οὐ
794 2343 900 2410 γὰρ
949 2342 1369 2412 ἐπιβουλεύσειν
1409 2341 1506 2404 οὓς
1545 2341 1853 2410 εὐεργετεῖν

154 2427 559 2497 ὑπελάμβανεν.
643 2430 825 2498 <334>
880 2432 1180 2502 παρελθὼν
1234 2438 1375 2499 γοῦν
1437 2430 1564 2483 οὔτε
1618 2432 1855 2483 κτείνειν

153 2518 278 2569 τινὰ
323 2527 434 2571 τῶν
480 2519 1058 2589 καταλαμβανομένων
1106 2518 1402 2590 ἐπέτρεψεν
1441 2516 1571 2573 οὔθ’
1616 2519 1856 2587 ὑποπιμ-

153 2606 361 2675 πράναι
400 2607 501 2670 τὰς
538 2610 742 2677 οἰκίας,
782 2606 903 2662 ἀλλ’
951 2611 1063 2678 ἅμα
1101 2606 1203 2678 μὲν
1243 2618 1359 2672 τοῖς
1397 2616 1766 2675 στασιασταῖς,
1804 2622 1854 2660 ει·

132 2695 452 2762 >βούλοιντο
485 2697 762 2767 μάχεσθαι
796 2699 922 2768 δίχα
946 2706 1043 2767 τῆς
1064 2705 1165 2751 τοῦ
1191 2699 1371 2766 δήμου
1396 2697 1619 2766 βλάβης,
1659 2696 1854 2748 ἄδειαν

83 2801 131 2835 30
155 2782 373 2852 ἐδίδου,
419 2791 494 2856 τῷ
545 2787 702 2859 δήμῳ
750 2783 812 2839 δὲ
857 2787 953 2849 τὰς
996 2789 1214 2855 κτήσεις
1259 2786 1576 2856 ὑπισχνεῖτο
1629 2781 1853 2837 σώσειν·

153 2870 279 2941 περὶ
311 2877 573 2928 πλείστου
607 2876 711 2945 γὰρ
739 2874 975 2928 ἐποιεῖτο
1002 2884 1176 2928 σῶσαι
1208 2875 1311 2943 τὴν
1343 2871 1444 2942 μὲν
1476 2875 1642 2927 πόλιν
1677 2870 1852 2943 ἐαυτῷ
