2032 3128
202 126 272 178 22
629 127 754 168 TOT
784 127 1124 169 ΙΟΤΔΑΙΚΟΤ
1155 126 1462 168 ΠΟΛΕΜΟΥ

193 259 405 331 περιῄει
453 261 586 312 στοὰ
637 260 942 329 δεκάπηχυς
987 262 1049 313 τὸ
1096 260 1264 327 ὕψος,
1315 264 1643 329 θωρακείοις
1688 280 1743 313 τε
1786 258 1877 313 καὶ

191 351 489 418 προβόλοις
529 347 848 417 σκεπομένη.
903 349 1083 417 <168>
1118 347 1290 416 μέσην
1324 346 1373 400 δ’
1413 349 1875 421 ὑπερῳκοδόμητο

191 438 291 505 τὴν
348 437 518 490 στοὰν
570 437 779 506 πύργος
832 436 1041 507 ἕτερος,
1095 441 1173 499 εἴς
1222 434 1268 489 τ’
1323 443 1509 500 οἴκους
1561 441 1878 500 πολυτελεῖς

190 523 281 577 καὶ
321 525 389 593 δὴ
429 523 519 577 καὶ
552 528 848 594 βαλανεῖον
887 524 1234 595 διῃρημένος,
1273 525 1345 588 ὡς
1383 522 1555 595 μηδὲν
1587 524 1766 579 ἐνδέοι
1801 533 1874 597 τῷ

189 613 383 686 πύργῳ
423 616 706 682 βασίλειον
747 615 948 667 δοκεῖν.
1024 614 1090 666 τὰ
1131 612 1180 666 δ’
1227 615 1365 680 ἄκρα
1404 623 1518 676 τοῖς
1555 623 1876 683 προμαχῶσι
1923 635 1944 668 5

190 699 282 754 καὶ
312 711 430 765 ταῖς
468 703 691 772 τύρσεσι
731 707 941 771 μᾶλλον
981 703 1118 771 ἤπερ
1152 703 1181 756 ὁ
1212 703 1318 773 πρὸ
1352 703 1523 756 αὐτοῦ
1561 705 1877 770 κεκόσμητο.

190 790 375 859 <169>
414 793 633 861 πήχεων
675 787 726 858 δ’
762 787 832 859 ἦν
871 792 932 844 τὸ
971 798 1082 843 πᾶν
1121 791 1263 855 ὕψος
1294 792 1366 854 ὡς
1402 784 1751 860 ἐνενήκοντα,
1789 788 1879 842 καὶ

189 880 250 931 τὸ
299 876 400 947 μὲν
448 887 627 949 σχῆμα
674 878 943 951 παρεῴκει
989 888 1063 951 τῷ
1111 880 1246 932 κατὰ
1293 881 1394 948 τὴν
1445 879 1636 949 Φάρον
1684 878 1880 948 ἐκπυρ-

189 968 409 1020 σεύοντι
449 977 564 1030 τοῖς
603 965 685 1021 ἐπ’
727 966 1139 1037 Ἀλεξανδρείας
1173 967 1421 1035 πλέουσι,
1459 975 1523 1037 τῇ
1556 974 1783 1037 περιοχῇ
1818 963 1880 1019 δὲ

187 1057 329 1107 πολὺ
369 1058 555 1124 μεῖζον
605 1051 689 1123 ἦν.
767 1056 1065 1125 τηνικαῦτά
1111 1076 1173 1124 γε
1221 1057 1331 1125 μὴν
1376 1065 1705 1124 τυραννεῖον
1754 1054 1879 1107 άπε-
1905 1077 1947 1109 ιο

189 1144 384 1212 δείχθη
434 1153 533 1197 τοῦ
580 1147 853 1212 Σίμωνος.
929 1145 1112 1212 <170>
1161 1144 1189 1198 ὁ
1244 1141 1305 1197 δὲ
1354 1147 1536 1213 τρίτος
1585 1145 1795 1213 πύργος
1845 1144 1878 1212 ἡ

188 1232 500 1301 Μαριάμμη
553 1231 739 1303 (τοῦτο
788 1234 891 1303 γὰρ
933 1233 965 1301 ἡ
1006 1231 1223 1302 βασιλὶς
1261 1230 1532 1303 ἐκαλεῖτο)
1583 1231 1740 1302 μέχρι
1779 1252 1881 1300 μεν

188 1325 363 1372 εἴκοσι
409 1323 629 1391 πήχεων
675 1324 873 1384 ναστὸς
918 1318 1017 1390 ἧν,
1064 1327 1237 1375 εἴκοσι
1279 1318 1339 1374 δε
1377 1324 1566 1391 πήχεις
1605 1323 1683 1383 εἰς
1720 1316 1881 1390 εὖρος

189 1407 431 1476 διέβαινε
485 1407 575 1462 καὶ
630 1417 799 1478 μῆκος
854 1415 990 1462 ἴσον.
1070 1410 1254 1480 <171>
1304 1408 1771 1478 πολυτελεστέραν
1819 1405 1881 1461 δε

187 1495 279 1549 καὶ
317 1496 715 1567 ποικιλωτέραν
755 1507 866 1551 τῶν
899 1499 1083 1552 ἄλλων
1114 1499 1215 1567 τὴν
1249 1503 1465 1567 οἴκησιν
1496 1494 1643 1567 εἶχεν
1676 1497 1876 1564 ἐπάνω,
1905 1519 1946 1552 15

187 1592 287 1638 τοῦ
335 1584 604 1653 βασιλέως
651 1588 859 1640 οἰκεῖον
903 1587 1284 1656 ὑπολαβόντος
1328 1589 1427 1641 τὸν
1465 1586 1571 1639 ἀπὸ
1620 1589 1881 1654 γυναικὸς

188 1673 573 1742 ὀνομασθέντα
623 1681 1000 1744 κεκοσμῆσθαι
1046 1675 1216 1730 πλέον
1256 1675 1289 1744 ἢ
1329 1679 1457 1739 τοὺς
1496 1672 1586 1728 ἀπ’
1634 1674 1877 1745 ἀνδρῶν,

187 1763 369 1832 ὥσπερ
411 1762 657 1827 ἐκείνους
702 1772 801 1817 τοῦ
848 1772 943 1834 τῆς
989 1767 1250 1833 γυναικὸς
1297 1763 1689 1835 ὀχυρωτέρους.
1757 1764 1881 1817 τού-

186 1871 286 1904 του
326 1854 386 1904 τὸ
427 1860 538 1905 πᾶν
576 1853 719 1917 ὕψος
756 1855 1097 1921 πεντήκοντα
1136 1852 1227 1907 καὶ
1265 1852 1426 1907 πέντε
1464 1854 1683 1922 πήχεων
1721 1849 1807 1921 ἦν.

299 1941 483 2010 <172>
538 1946 854 2010 τηλικοῦτοι
910 1941 957 1994 δ’
1015 1945 1170 2006 ὄντες
1224 1943 1283 1996 οἱ
1331 1951 1477 2013 τρεῖς
1530 1943 1591 1995 τὸ
1647 1939 1881 2010 μέγεθος
1905 1964 1947 1995 20

185 2031 330 2081 πολὺ
370 2033 612 2098 μείζονες
651 2030 946 2100 ἐφαίνοντο
988 2032 1081 2084 διὰ
1120 2033 1217 2085 τὸν
1257 2033 1449 2084 τόπον·
1523 2029 1706 2100 <173>
1746 2030 1882 2083 αὐτό

185 2137 242 2170 τε
283 2118 387 2185 γὰρ
427 2119 488 2171 τὸ
528 2117 759 2189 ἀρχαῖον
799 2129 995 2189 τεῖχος,
1035 2119 1095 2172 ἐν
1136 2114 1178 2191 ᾧ
1219 2113 1381 2188 ἦσαν,
1421 2117 1506 2188 ἐφ’
1553 2119 1748 2190 ὑψηλῷ
1791 2121 1882 2171 λό-

185 2226 274 2278 φῳ
331 2208 633 2275 δεδόμητο,
687 2205 778 2259 καὶ
833 2216 932 2261 τοῦ
988 2211 1167 2278 λόφου
1222 2209 1474 2278 καθάπερ
1529 2208 1748 2277 κορυφή
1801 2227 1883 2269 τις

185 2293 503 2364 ὑψηλοτέρα
541 2306 869 2366 προανεῖχεν
908 2299 987 2360 εἰς
1033 2297 1329 2368 τριάκοντα
1367 2298 1581 2366 πήχεις,
1631 2293 1770 2366 ὑπὲρ
1810 2296 1881 2364 ἣν

185 2383 245 2435 οἱ
278 2383 482 2452 πύργοι
528 2387 772 2453 κείμενοι
818 2388 962 2438 πολὺ
999 2386 1080 2453 ’δή
1126 2405 1179 2438 τι
1218 2394 1318 2439 τοῦ
1365 2386 1645 2454 μετεώρου
1683 2398 1881 2454 προσε-
1906 2406 1948 2438 25
2031 2390 2032 2455 ᾗ

185 2471 487 2540 λάμβανον.
563 2473 744 2541 <174>
793 2474 1114 2542 θαυμάσιον
1166 2470 1227 2526 δὲ
1274 2472 1363 2526 καὶ
1417 2482 1530 2526 τῶν
1580 2475 1761 2525 λίθων
1811 2469 1882 2541 ἦν
2031 2461 2032 2480 ξ

184 2561 246 2612 τὸ
287 2558 538 2628 μέγεθος.
616 2561 684 2614 οὐ
731 2562 836 2631 γὰρ
887 2560 940 2625 ἐξ
975 2564 1205 2625 εἰκαίας
1254 2562 1551 2632 χερμάδος,
1600 2558 1732 2613 οὐδὲ
1781 2581 1881 2630 φο-

186 2656 370 2716 ρητῶν
393 2647 716 2719 ἀνθρώποις
737 2659 953 2718 πετρῶν
979 2652 1429 2719 συνειστήκεσαν,
1461 2650 1627 2717 λευκὴ
1654 2646 1715 2702 δὲ
1747 2650 1882 2719 μάρ-

184 2756 358 2805 μαρος
398 2736 625 2806 ἐτμήθη.
703 2738 886 2807 <175>
931 2737 1020 2792 καὶ
1062 2740 1123 2792 τὸ
1164 2736 1266 2808 μὲν
1305 2745 1476 2808 μῆκος
1516 2736 1743 2806 ἑκάστης
1780 2739 1882 2806 πή-

183 2843 327 2892 χεων
357 2821 429 2893 ἧν
462 2831 652 2895 εἴκοσι,
694 2824 825 2879 δέκα
858 2821 911 2879 δ’
950 2824 1130 2897 εὖρος,
1161 2825 1251 2880 καὶ
1283 2828 1462 2895 βάθος
1491 2825 1669 2880 πέντε.
1711 2829 1879 2895 συνή-
1904 2848 1947 2880 30

184 2931 366 2966 νωντο
424 2909 474 2966 δ’
531 2909 613 2967 ἐπ’
671 2913 954 2983 ἀλλήλοις,
1010 2916 1084 2979 ὡς
1140 2917 1326 2969 δοκεῖν
1381 2914 1613 2969 ἕκαστον
1663 2916 1881 2984 πύργον
