2032 3128
702 110 804 151 ΕΙΣ
835 109 1273 153 ΜΑΚΚΑΒΑΙΟΤΣ
1722 107 1827 160 301

151 244 429 310 τεύεσθαι,
461 242 725 311 οὐδεμίαν
750 242 994 311 ἀνάγκην
1025 241 1341 311 βιαιοτέραν
1364 239 1507 296 εἶναι
1538 245 1831 312 νομίζομεν

150 339 246 398 τῆς
282 332 418 399 πρὸς
455 331 552 383 τὸν
591 333 766 400 νόμον
803 330 958 400 ἡμῶν
997 330 1305 394 ἀπειθείας·
1353 332 1441 384 διὸ
1482 331 1555 403 δὴ
1590 328 1709 384 κατ’
1738 331 1831 384 οὐ·

152 417 282 471 δένα
313 420 518 484 τρόπον
549 429 889 489 παρανομεῖν
919 418 1194 487 ἀξιοῦμεν.
1264 418 1407 487 <59>
1444 422 1622 473 καίτοι
1653 421 1705 472 εἰ
1740 418 1831 472 καὶ

150 504 267 558 κατ’
301 505 571 573 ἀλήθειαν
603 509 676 576 μὴ
715 504 785 576 ἧν
818 508 847 561 ὁ
886 509 1054 576 νόμος
1092 506 1264 575 ἡμῶν,
1304 508 1377 570 ὡς
1408 510 1476 561 σὺ
1515 508 1833 576 ὑπολαμβά-

107 613 287 661 5νεις,
332 600 515 663 θεῖος,
562 596 739 657 ἄλλως
784 592 845 648 δὲ
893 594 1212 664 ἐνομίζομεν
1250 596 1421 649 αὐτὸν
1463 592 1607 649 εἶναι
1651 601 1834 664 θεῖον,

152 679 284 736 οὐδὲ
330 683 504 746 οὕτως
549 683 673 747 ἐξὸν
712 680 782 751 ἦν
820 683 952 752 ἡμῖν
990 686 1091 752 τὴν
1130 681 1217 737 ἐπὶ
1256 691 1319 753 τῇ
1368 684 1618 756 εὐσεβείᾳ
1665 682 1834 748 δόξαν

151 770 446 840 ἀκυρῶσαι.
514 772 659 839 <6Ο>
693 773 765 840 μὴ
806 773 1008 842 μικρὰν
1039 768 1143 825 οὖν
1173 768 1317 825 εἶναι
1350 775 1581 843 νομίσῃς
1611 773 1834 840 ταύτην,

151 861 203 912 εἰ
239 862 771 929 μιαροφαγήσαιμεν,
811 859 1107 929 ἁμαρτίαν·
1146 861 1208 913 τὸ
1240 861 1345 929 γὰρ
1378 859 1466 914 ἐπὶ
1501 870 1715 930 μικροῖς
1744 859 1835 913 καὶ

152 948 408 1016 μεγάλοις
460 957 800 1016 παρανομεῖν
857 949 1197 1017 ίσοδύναμόν
1252 948 1392 1001 ἐστι·
1455 947 1530 1001 δι’
1577 947 1834 1019 ἑκατέρου

87 1059 129 1091 10
152 1036 256 1104 γὰρ
304 1035 333 1088 ὁ
382 1038 551 1104 νόμος
597 1037 800 1105 ὁμοίως
844 1036 1290 1105 ὑπερηφανεῖται.
1372 1038 1515 1105 <61>
1561 1037 1837 1107 χλευάζεις

152 1121 213 1176 δὲ
258 1124 414 1192 ἡμῶν
452 1125 553 1193 τὴν
590 1128 949 1194 φιλοσοφίαν,
996 1126 1177 1195 ὥσπερ
1201 1125 1293 1199 ,οὐ
1341 1122 1456 1194 μετ’
1494 1125 1838 1192 εὐλογιστίας

152 1211 212 1264 ἐν
252 1212 388 1281 αὐτῇ
437 1214 737 1281 βιούντων·
786 1214 1159 1283 σωφροσύνην
1195 1233 1253 1266 τε
1300 1214 1404 1282 γὰρ
1442 1212 1583 1282 ἡμᾶς
1621 1212 1837 1266 ἐκδιδά-

152 1315 287 1368 σκει,
327 1302 464 1354 ὥστε
503 1311 696 1355 πασῶν
727 1311 837 1355 τῶν
869 1302 1092 1370 ἡδονῶν
1125 1301 1216 1355 καὶ
1255 1302 1567 1371 ἐπιθυμιῶν
1597 1311 1837 1371 κρατεῖν,

151 1388 242 1442 καὶ
297 1389 560 1458 ἀνδρείαν
615 1389 852 1459 ἐξασκεῖ,
914 1391 1050 1443 ὥστε
1105 1392 1283 1444 πάντα
1343 1393 1521 1444 πόνον
1576 1388 1840 1452 ἑκουσίως

87 1500 129 1532 15
152 1477 477 1546 ὑπομένειν,
529 1476 619 1530 καὶ
675 1479 1038 1548 δικαιοσύνην
1090 1477 1181 1532 καὶ
1233 1478 1517 1548 εὐσέβειαν
1570 1479 1837 1546 παιδεύει,

154 1567 289 1618 ὥστε
344 1569 519 1634 μόνον
564 1569 662 1620 τὸν
717 1569 849 1620 ὄντα
902 1570 1043 1620 θεὸν
1096 1566 1345 1636 εὐσεβεῖν
1398 1571 1838 1637 μεγαλοπρεπῶς.

151 1654 298 1722 <62>
345 1656 432 1708 διὸ
480 1655 548 1708 οὐ
602 1664 1082 1725 μιαροφαγοῦμεν·
1137 1657 1488 1718 πιστεύοντες
1541 1656 1644 1724 γὰρ
1697 1660 1838 1708 θεοῦ

151 1743 485 1796 καθεστάναι
531 1745 629 1797 τὸν
674 1746 867 1813 νόμον,
914 1745 1143 1813 οἴδαμεν
1182 1745 1266 1797 ὅτι
1312 1745 1447 1796 κατὰ
1493 1744 1666 1813 φύσιν
1706 1742 1838 1811 ἡμῖν

153 1836 439 1900 συμπαθεῖ
474 1832 503 1885 ὁ
543 1837 883 1900 νομοθετῶν.
962 1832 1108 1901 <63>
1147 1833 1176 1886 ὁ
1220 1841 1319 1886 τοῦ
1366 1835 1576 1901 κόσμου
1621 1834 1840 1900 κτίστης

85 1943 129 1974 20
151 1921 216 1972 τὰ
263 1917 364 1988 μὲν
412 1922 886 1989 οἰκειωθησόμενα
930 1921 1087 1990 ἡμῶν
1133 1930 1252 1984 ταῖς
1298 1930 1499 1990 ψυχαῖς
1546 1919 1839 1989 ἐπέτρεψεν

153 2008 384 2076 ἐσθίειν,
424 2009 489 2061 τὰ
522 2006 584 2062 δὲ
620 2008 1144 2078 ἐναντιωθησόμενα
1178 2008 1416 2062 ἐκώλυσε
1449 2018 1839 2078 σαρκοφαγεῖν.

152 2099 486 2164 τυραννικὸν
532 2093 637 2151 οὗν
684 2097 836 2151 ἐστιν
883 2097 950 2151 οὐ
1001 2101 1176 2166 μόνον
1222 2099 1283 2150 τὸ
1330 2097 1656 2166 ἀναγκάζειν
1699 2096 1841 2166 ἡμᾶς

151 2195 511 2254 παρανομεῖν,
550 2185 689 2238 ἀλλὰ
728 2185 818 2239 καὶ
859 2186 1090 2255 ἐσθίειν,
1130 2186 1276 2249 ὅπως
1314 2194 1378 2255 τῇ
1417 2185 1661 2262 ἐχθίστῃ,
1684 2186 1840 2254 ἡμῶν

152 2278 491 2345 μιαροφαγίᾳ
543 2275 712 2344 ταύτῃ
766 2273 1142 2345 ἐπεγγελάσῃς.
1228 2275 1374 2345 <64>
1421 2274 1536 2328 ἀλλ’
1570 2275 1638 2329 οὐ
1685 2275 1842 2343 γελά-

86 2384 130 2416 25
154 2376 267 2425 σεις
319 2360 438 2415 κατ’
477 2362 612 2431 ἐμοῦ
666 2371 866 2416 τοῦτον
910 2364 1008 2416 τὸν
1054 2362 1293 2431 γέλωτα,
1351 2364 1425 2432 μὰ
1474 2366 1605 2426 τοὺς
1660 2364 1842 2433 ἱεροὺς

153 2460 263 2503 τῶν
307 2454 601 2520 προγόνων
646 2449 771 2521 περὶ
825 2459 926 2505 τοῦ
971 2451 1211 2521 φυλάξαι
1256 2454 1356 2506 τὸν
1399 2455 1577 2521 νόμον
1624 2452 1841 2521 ὅρκους,

154 2534 275 2593 οὐδ’
320 2539 390 2592 ἂν
444 2539 681 2609 ἐκκόψῃς
741 2560 847 2608 μου
902 2541 967 2592 τὰ
1022 2542 1235 2609 ὄμματα
1290 2539 1382 2594 καὶ
1435 2541 1502 2593 τὰ
1557 2540 1840 2611 σπλάγχνα

152 2626 328 2698 τήξῃς.
384 2627 483 2699 οὐχ
508 2628 682 2691 οὕτως
707 2627 818 2697 εἰμὶ
849 2626 1029 2697 γέρων
1054 2629 1159 2697 ἐγὼ
1191 2627 1282 2682 καὶ
1315 2630 1592 2699 ἄνανδρος
1614 2629 1840 2698 ὑπάρχω

139 2716 292 2779 ,ὥστε
331 2737 424 2785 μοι
466 2718 559 2770 διὰ
597 2718 698 2786 τὴν
737 2717 1023 2786 εὐσέβειαν
1062 2719 1136 2787 μὴ
1175 2719 1390 2782 νεάζειν
1427 2720 1527 2771 τὸν
1558 2720 1841 2786 λογισμόν.

87 2827 131 2858 30
153 2805 297 2874 <65>
328 2807 465 2874 πρὸς
495 2813 667 2859 ταῦτα
698 2807 926 2875 τροχοὺς
957 2806 1233 2875 εὐτρέπιζε
1272 2805 1364 2860 καὶ
1394 2808 1456 2860 τὸ
1487 2815 1598 2874 πῦρ
1630 2806 1843 2875 ἐκφύσα

156 2895 560 2963 σφοδρότερον·
600 2895 700 2965 οὐχ
736 2895 909 2957 οὕτως
940 2897 1262 2965 οἰκτειρήσω
1294 2897 1355 2949 τὸ
1393 2895 1633 2964 ἐμαυτοῦ
1672 2902 1844 2964 γῆρας
