2032 3128
230 101 296 152 12
654 101 779 143 ΤΟΤ
808 99 1150 143 ΙΟΤΔΑΙΚΟΤ
1178 100 1487 143 ΠΟΛΕΜΟΥ

227 235 523 305 προσάντει
571 237 728 296 Τίτος
774 231 886 303 μετ’
942 234 1170 302 ὀλίγων,
1221 232 1312 286 καὶ
1358 235 1534 288 πολλὰ
1572 235 1906 305 παραινούν-

227 343 338 376 των
377 332 488 375 τῶν
526 325 727 391 φίλων,
767 323 889 375 ὅσοι
930 320 1002 374 δι’
1041 323 1180 374 αἰδῶ
1218 322 1320 390 τὴν
1357 325 1493 393 πρὸς
1530 324 1627 376 τὸν
1666 324 1907 392 ἡγεμόνα

226 419 326 464 τοῦ
379 411 648 464 κινδύνου
704 411 1219 480 καταφρονήσαντες
1269 413 1526 480 ἔστησαν,
1586 411 1729 480 <88>
1769 407 1907 475 εἶξαι

225 505 546 551 θανατῶσιν
579 496 898 566 Ἰουδαίοις,
949 497 1040 551 καὶ
1079 499 1152 567 μὴ
1198 500 1656 568 προκινδυνεύειν
1695 500 1908 553 τούτων

226 587 323 650 οὓς
377 586 541 656 ἐχρῆν
594 589 700 654 πρὸ
756 587 927 640 αὐτοῦ
974 585 1186 655 μένειν,
1240 588 1540 656 λαμβάνειν
1587 585 1637 639 δ’
1683 591 1907 641 ἔννοιαν

223 683 319 744 τῆς
357 673 487 729 καθ’
537 675 707 728 αὑτὸν
746 676 928 744 τύχης,
966 673 1057 727 καὶ
1097 675 1169 742 μὴ
1211 676 1545 744 στρατιώτου
1584 674 1735 739 τάξιν
1776 674 1906 729 ἀπο-

223 769 474 834 πληροῦν
529 765 661 816 ὄντα
715 761 806 815 καὶ
861 771 961 816 τοῦ
1006 761 1250 831 πολέμου
1295 762 1387 816 καὶ
1436 771 1530 831 τῆς
1580 762 1909 832 οἰκουμένης

226 854 513 920 δεσπότην,
554 848 699 920 μηδ”
728 852 911 914 ὀξεῖαν
951 851 1126 914 οὕτως
1164 851 1505 919 ὑφίστασθαι
1545 851 1724 921 ῥοπὴν
1764 850 1824 904 ἐν
1864 845 1906 923 ᾧ

227 942 446 994 σαλεύει
491 941 557 993 τὰ
603 940 805 1008 πάντα,
860 939 1007 1008 <89>
1046 939 1257 992 τούτων
1305 939 1424 993 οὐδ’
1473 939 1697 993 ἀκούειν
1736 938 1908 1007 ἔδοξε,

223 1040 338 1092 τοῖς
377 1026 438 1082 δὲ
476 1026 590 1081 κατ’
637 1029 807 1081 αὐτὸν
840 1027 1238 1098 ἀνατρέχουσιν
1270 1028 1614 1097 ἀνθίσταται,
1652 1026 1744 1080 καὶ
1775 1028 1909 1080 κατὰ

225 1120 397 1186 στόμα
447 1121 627 1170 παίων
676 1115 1033 1186 βιαζομένους
1080 1116 1304 1187 ἀνῄρει,
1353 1118 1487 1170 κατά
1533 1137 1591 1171 τε
1636 1124 1736 1169 τοῦ
1773 1134 1909 1186 πρα-

223 1214 358 1270 νοῦς
403 1206 635 1276 ἀθρόοις
685 1205 965 1274 ἐμπίπτων
1004 1206 1242 1259 ἀνεώθει
1279 1208 1341 1260 τὸ
1380 1210 1607 1274 πλῆθος.
1670 1204 1817 1273 <9Ο>
1857 1207 1915 1257 οἳ

226 1293 286 1348 δὲ
336 1298 472 1364 πρός
520 1315 578 1347 τε
628 1298 689 1347 τὸ
740 1294 1068 1365 παράστημα
1114 1293 1206 1347 καὶ
1252 1295 1354 1362 τὴν
1407 1295 1586 1364 ὁρμὴν
1638 1296 1911 1347 καταπλα-

221 1381 423 1452 γέντες,
463 1381 581 1436 οὐδ’
631 1382 773 1436 οὕτω
814 1379 917 1451 μὲν
955 1381 1265 1451 ἀνέφευγον
1305 1385 1383 1444 εἰς
1420 1384 1522 1451 τὴν
1552 1385 1737 1450 πόλιν,
1774 1372 1903 1434 καθ’

223 1471 481 1542 ἑκάτερον
521 1469 571 1524 δ’
621 1470 964 1533 ἐκκλίνοντες
1002 1468 1093 1523 ἀπ’
1131 1471 1304 1524 αὐτοῦ
1342 1480 1457 1534 τοῖς
1489 1470 1743 1540 ἀνωτέρω
1777 1473 1911 1540 φεύ-

222 1575 386 1629 γουσι
417 1559 786 1631 προσέκειντο.
827 1558 917 1612 καὶ
949 1561 1166 1622 τούτοις
1198 1557 1259 1612 δὲ
1289 1561 1424 1613 κατὰ
1462 1561 1708 1630 πλευρὰν
1744 1575 1911 1630 προσ-

220 1651 443 1718 βάλλων
489 1650 585 1711 τάς
632 1649 804 1719 ὁρμὰς
848 1647 1192 1718 ὑπετέμνετο.
1270 1649 1416 1718 <91>
1462 1649 1566 1701 κάν
1606 1650 1781 1722 τούτῳ
1819 1647 1912 1702 καὶ

221 1748 338 1801 τοῖς
391 1739 506 1790 ἄνω
563 1740 856 1807 τειχίζουσι
909 1738 971 1790 τὸ
1027 1739 1423 1808 στρατόπεδον,
1479 1738 1552 1800 ὡς
1607 1737 1911 1791 ἐθεάσαντο

222 1829 351 1889 τοὺς
397 1826 541 1879 κάτω
595 1827 903 1895 φεύγοντας
948 1826 1146 1893 πάλιν,
1208 1827 1351 1894 <92>
1403 1825 1653 1895 ἐμπίπτει
1703 1828 1910 1896 ταραχὴ

222 1914 314 1968 καὶ
347 1913 497 1983 δέος,
536 1913 626 1967 καὶ
668 1916 1051 1967 διασκίδναται
1096 1922 1207 1968 πᾶν
1245 1916 1307 1968 τὸ
1347 1915 1549 1983 τάγμα,
1589 1916 1911 1968 δοκούντων

222 2003 605 2056 ἀνυπόστατον
653 2000 755 2072 μὲν
802 1999 946 2056 εἶναι
990 2004 1092 2071 τὴν
1142 2011 1253 2056 τῶν
1287 2001 1577 2056 Ἰουδαίων
1617 2002 1913 2073 ἐκδρομήν,

220 2092 528 2162 τετράφθαι
576 2088 626 2144 δ’
671 2091 844 2145 αὐτὸν
891 2095 1076 2145 Τίτον·
1126 2091 1193 2145 οὐ
1232 2093 1337 2160 γὰρ
1377 2093 1447 2144 ἄν
1484 2110 1614 2146 ποτε
1653 2095 1782 2155 τοὺς
1821 2093 1913 2145 ἄλ-

221 2185 355 2243 λους
393 2190 596 2249 φυγεῖν
638 2180 852 2234 ἐκείνου
893 2179 1171 2249 μένοντος.
1223 2180 1366 2248 <93>
1407 2179 1499 2234 καὶ
1529 2181 1781 2251 καθάπερ
1812 2199 1913 2234 πα-

220 2275 356 2340 νικςό
406 2271 621 2338 δείματι
668 2268 1048 2332 κυκλωθέντες
1097 2271 1263 2332 ἄλλος
1315 2268 1522 2339 ἀλλαχῇ
1571 2269 1913 2340 διεφέροντο,

222 2357 382 2427 μέχρι
419 2354 566 2420 τινὲς
603 2359 920 2420 κατιδόντες
960 2358 1020 2411 ἐν
1060 2357 1206 2430 μέσω
1245 2367 1345 2412 τοῦ
1383 2357 1629 2427 πολέμου
1660 2361 1758 2412 τὸν
1789 2358 1912 2427 ἡγε-

222 2449 366 2515 μόνα
418 2449 824 2518 στρεφόμενον,
879 2446 970 2500 καὶ
1021 2447 1159 2516 μέγα
1215 2449 1496 2510 δείσαντες
1550 2445 1686 2516 ἀμφ’
1744 2446 1913 2519 αὐτῷ,

223 2536 491 2604 διαβοῶσι
536 2538 635 2589 τὸν
681 2538 950 2589 κίνδυνον
997 2537 1108 2610 ὅλῳ
1154 2544 1229 2608 τῷ
1277 2537 1522 2605 τάγματι.
1600 2536 1746 2604 <94>
1785 2535 1915 2599 τοὺς

223 2621 273 2676 δ’
329 2625 499 2687 αἰδὼς
549 2623 874 2695 ἐπέστρεφε,
924 2623 1015 2677 καὶ
1065 2624 1236 2678 πλέον
1281 2645 1334 2678 τι
1382 2632 1562 2693 φυγῆς
1607 2628 1915 2690 κακίζοντες

221 2713 495 2780 ἀλλήλους
534 2711 622 2766 ἐπὶ
668 2719 743 2786 τῷ
785 2717 1104 2766 καταλιπεῖν
1142 2716 1421 2784 Καίσαρα,
1460 2714 1606 2784 πάσῃ
1645 2717 1740 2785 βία
1779 2714 1913 2766 κατὰ

220 2810 332 2853 τῶν
372 2800 660 2855 Ἰουδαίων
706 2801 972 2871 ἐχρῶντο,
1025 2801 1116 2855 καὶ
1163 2805 1449 2865 κλίναντες
1487 2802 1626 2866 ἅπαξ
1667 2801 1772 2855 ἀπὸ
1812 2810 1914 2856 τοῦ

220 2890 523 2953 κατάντους
562 2891 894 2943 συνεώθουν
933 2891 1134 2953 αὐτοὺς
1172 2892 1250 2953 εἰς
1288 2892 1349 2943 τὸ
1390 2895 1595 2944 κοῖλον.
1674 2889 1818 2958 <95>
1861 2893 1919 2943 οἳ

1934 1051 1977 1083 10

1936 1493 1979 1526 15

1935 1936 1980 1969 20

1936 2378 1980 2411 25

1937 2822 1981 2854 30
