2032 3128
737 101 946 143 ΛΟΓΟΣ
978 103 1178 144 ΕΚΤοΣ
1729 99 1802 151 95

121 240 220 285 τοῦ
260 237 457 286 λοιποῦ
498 234 763 301 σώματος,
803 236 881 286 ἔτι
922 230 970 286 δ’
1014 233 1292 302 ἐμπειρίας
1332 235 1563 303 ἱππικῆς.
1626 235 1805 302 <163>

121 320 149 372 ὃ
192 317 293 389 μὲν
341 315 443 373 οὗν
490 322 673 391 ὥσπερ
724 342 775 374 τι
821 323 1106 391 κειμήλιον
1156 322 1538 391 ἁρπασάμενος
1575 318 1670 390 ἧκε
1709 321 1804 391 φέ-

120 428 234 476 ρων
274 411 515 478 Καίσαρι
561 410 658 462 τὸν
705 410 1076 479 αἰχμάλωτον·
1140 413 1295 472 Τίτος
1334 408 1394 463 δὲ
1433 413 1530 464 τὸν
1570 407 1671 479 μὲν
1710 415 1803 463 λα-

117 500 288 565 βόντα
327 504 422 565 τῆς
470 497 756 565 δυνάμεως
794 498 1103 567 θαυμάσας,
1142 500 1239 551 τὸν
1281 496 1341 550 δὲ
1387 497 1672 567 ληφθέντα
1709 506 1803 566 τῆς

72 608 91 640 5
117 583 243 654 περὶ
283 587 343 638 τὸ
391 595 568 655 τεῖχος
614 584 998 654 ἐπιχειρήσεως
1036 586 1264 638 κολάσαι
1303 587 1589 654 κελεύσας,
1639 586 1802 649 αὐτὸς

117 673 177 726 ἐν
224 682 342 736 ταῖς
387 672 511 743 περὶ
557 674 617 726 τὸ
671 674 821 742 ἱερὸν
873 674 1162 743 διαμάχαις
1212 670 1281 742 ἧν
1333 672 1423 727 καὶ
1471 674 1537 726 τά
1582 675 1802 743 χώματα

112 763 452 830 κατήπειγεν.

225 850 403 919 <164>
452 849 512 903 ἐν
560 845 602 922 ᾧ
646 848 904 904 Ἰουδαῖοι
950 852 1282 920 κακούμενοι
1333 860 1450 913 ταῖς
1500 854 1802 919 συμβολαῖς

111 937 196 991 ἀεὶ
248 936 364 992 κατ’
419 939 609 1007 ὀλίγον
660 938 1085 1009 κορυφουμένου
1135 946 1234 992 τοῦ
1288 938 1532 1007 πολέμου
1582 937 1673 991 καὶ
1721 946 1796 1010 τῷ

45 1051 87 1083 10
112 1034 227 1098 ναῷ
269 1026 696 1096 προσέρποντος,
737 1027 987 1096 καθάπερ
1022 1026 1336 1096 σηπομένου
1369 1029 1633 1096 σώματος,
1673 1026 1799 1080 ἀπέ-

108 1134 314 1169 κοπτον
361 1116 426 1168 τὰ
473 1115 880 1185 προειλημμένα
920 1114 1082 1185 μέλη,
1128 1116 1444 1185 φθάνοντες
1481 1117 1583 1185 τὴν
1622 1117 1699 1178 εἰς
1736 1117 1796 1168 τὸ

19 1250 26 1262 2
107 1208 294 1274 πρόσω
334 1207 527 1273 νομήν.
584 1204 767 1274 <16ὗ>
808 1212 901 1273 τῆς
932 1205 1036 1275 γὰρ
1073 1208 1296 1274 βορείου
1328 1203 1418 1257 καὶ
1457 1205 1592 1257 κατὰ
1633 1204 1797 1256 δύσιν

107 1302 270 1356 στοᾶς
319 1296 380 1346 τὸ
433 1291 660 1363 συνεχὲς
709 1295 846 1361 πρὸς
898 1294 1000 1361 τὴν
1050 1290 1351 1347 Ἀντωνίαν
1408 1293 1796 1362 ἐμπρήσαντες,

104 1379 267 1434 ἔπειτ’
308 1380 622 1453 ἀπέρρηξαν
663 1383 797 1435 ὅσον
836 1384 1025 1451 πήχεις
1066 1388 1265 1450 εἴκοσι,
1315 1391 1432 1445 ταῖς
1472 1382 1638 1443 ἰδίαις
1676 1400 1796 1451 χερ-

37 1492 79 1525 15
105 1468 196 1522 σὶν
236 1469 531 1539 ἀρξάμενοι
569 1474 747 1523 καίειν
784 1471 850 1523 τὰ
890 1471 1033 1539 ἅγια.
1111 1471 1292 1539 <166>
1332 1471 1463 1540 μετὰ
1503 1466 1554 1523 δ’
1592 1469 1797 1539 ἡμέρας

104 1560 236 1628 δύο,
274 1559 494 1629 τετράδι
533 1556 624 1611 καὶ
665 1558 842 1611 εἰκάδι
881 1566 981 1612 τοῦ
1019 1557 1424 1628 προειρημένου
1463 1561 1654 1627 μηνός,
1696 1557 1796 1625 τὴν

101 1651 336 1717 πλησίον
385 1648 555 1701 στοὰν
593 1648 979 1717 ὑποπιμπρᾶσι
1012 1645 1291 1716 Ῥωμαῖοι,
1342 1646 1434 1700 καὶ
1473 1645 1630 1717 μέχρι
1668 1665 1796 1700 πεν-

100 1738 386 1789 τεκαίδεκα
447 1738 668 1805 πήχεων
729 1739 1112 1806 προκόψαντος
1173 1745 1273 1790 τοῦ
1326 1738 1502 1804 πυρὸς
1556 1734 1795 1789 ἀποκόπ-

99 1839 296 1879 τουσιν
336 1825 541 1895 ὁμοίως
572 1823 836 1882 Ἰουδαῖοι
874 1826 976 1894 τὴν
1017 1825 1260 1894 ὀροφήν,
1311 1826 1444 1895 μήτε
1483 1819 1610 1877 καθ’
1650 1825 1795 1877 ἅπαν

9 1937 76 1970 ‘20
101 1913 442 1983 ἐξιστάμενοι
497 1924 607 1968 τῶν
664 1916 843 1983 ἔργων
897 1912 986 1967 καὶ
1042 1915 1103 1967 τὸ
1157 1915 1295 1982 πρὸς
1343 1913 1445 1981 τὴν
1492 1911 1794 1966 Ἀντωνίαν

100 2001 346 2071 συναφὲς
384 2003 569 2056 αὐτῶν
603 2004 969 2073 διαιροῦντες·
1010 2002 1194 2072 <167>
1235 2003 1324 2056 διὸ
1356 2000 1446 2055 καὶ
1477 2003 1657 2071 παρὸν
1690 2022 1793 2054 κω-

96 2093 252 2145 λύειν
304 2092 793 2163 ὑποπιμπράντας,
847 2095 906 2145 οἳ
953 2089 1014 2144 δὲ
1064 2093 1202 2162 πρὸς
1252 2091 1352 2159 τὴν
1401 2089 1644 2160 ἐμβολὴν
1694 2097 1792 2143 τοῦ

94 2182 270 2250 πυρὸς
315 2181 686 2251 ἠρεμήσαντες
731 2182 831 2250 τὴν
878 2181 1058 2249 νομὴν
1103 2178 1405 2250 ἐμέτρησαν
1445 2179 1590 2250 αὐτῷ
1634 2181 1791 2248 σφίσι

20 2260 25 2266 ‘¹
94 2274 388 2339 χρησίμως.
465 2270 649 2338 <168>
697 2271 824 2339 περὶ
870 2266 972 2338 μὲν
1020 2270 1088 2338 δὴ
1128 2270 1190 2322 τὸ
1244 2270 1395 2337 ἱερὸν
1434 2268 1501 2321 οὐ
1544 2265 1792 2320 διέλιπον

0 2379 71 2413 ,35
94 2358 157 2410 αἰ
192 2362 483 2427 συμβολαί,
524 2359 760 2428 συνεχὴς
794 2356 843 2409 δ’
881 2353 951 2427 ἦν
990 2359 1126 2411 κατὰ
1159 2356 1322 2427 μέρος
1355 2356 1669 2410 ἐκθεόντων
1703 2352 1784 2408 ἐπ’

94 2444 367 2514 ἀλλήλους
407 2447 436 2500 ὁ
475 2450 730 2516 πόλεμος.

204 2535 389 2605 <169>
428 2545 539 2589 τῶν
572 2534 863 2589 Ἰουδαίων
905 2534 970 2588 δέ
1005 2555 1087 2598 τις
1125 2535 1261 2588 κατὰ
1301 2535 1502 2596 ταύτας
1536 2534 1630 2595 τὰς
1662 2531 1787 2602 ἡμέ-

92 2644 190 2693 ρας
231 2623 377 2694 ,ἀνὴρ
426 2628 488 2678 τό
535 2645 593 2678 τε
642 2635 797 2694 σῶμα
843 2621 1051 2694 βραχὺς
1097 2622 1188 2677 καὶ
1235 2625 1335 2693 τὴν
1384 2625 1516 2687 ὄψιν
1565 2621 1790 2674 εὐκατα-

89 2714 395 2782 φρόνητος,
458 2711 656 2782 γένους
710 2711 768 2766 θ’
824 2712 983 2766 ἕνεκα
1033 2711 1123 2766 καὶ
1174 2721 1286 2766 τῶν
1339 2713 1526 2764 ἄλλων
1579 2712 1790 2779 ἄσημος

21 2820 66 2854 ao
91 2797 386 2872 (Ἰωνάθης
426 2800 724 2872 ἐκαλεῖτο),
762 2802 1058 2871 προελθὼν
1097 2802 1234 2854 κατὰ
1269 2801 1330 2853 τὸ
1363 2807 1463 2853 τοῦ
1496 2796 1790 2868 ἀρχιερέως

83 2886 348 2944 Ἰωάννου
381 2899 652 2960 μνημεῖον
685 2891 825 2944 ἄλλα
856 2909 912 2943 τε
945 2890 1123 2943 πολλὰ
1159 2891 1296 2959 πρὸς
1335 2890 1466 2951 τοὺς
1488 2885 1791 2955 Ῥωμαίους

1833 868 1857 906 9

1823 2547 1878 2586 10
