2032 3128
206 56 277 107 42
642 56 767 98 ΤΟΥ
797 56 1136 98 ΙΟΤΔΑΙΚΟΤ
1166 53 1475 98 HOA'EMOT

205 188 379 260 ἐπέχει
420 187 521 258 μὲν
559 196 659 242 τοῦ
697 197 857 258 κριοῦ
889 191 990 258 τὴν
1023 188 1282 258 ἐμβολήν,
1321 190 1521 243 κωλύει
1553 209 1609 243 τε
1641 189 1885 254 τοξεύειν

203 281 332 340 τοὺς
388 276 591 344 ἱκέτας,
646 277 828 346 λέγειν
884 276 931 331 δ’
988 276 1272 330 ἐκέλευσεν
1320 278 1349 330 ὅ
1396 298 1448 330 τι
1502 280 1759 346 βούλεται
1812 285 1887 349 τῷ

205 367 466 435 Κάστορι.
526 365 709 434 <320>
749 375 848 420 τοῦ
889 362 939 418 δ’
978 367 1228 428 εἰπόντος
1268 364 1355 419 ἐπὶ
1396 366 1545 437 δεξιᾷ
1585 370 1887 435 καταβῆναι

204 454 421 522 θέλειν,
469 454 498 508 ὁ
547 457 704 516 Τίτος
750 455 1094 521 συνήδεσθαι
1141 451 1242 523 μὲν
1282 454 1428 527 αὐτῷ
1466 462 1562 523 τῆς
1600 453 1891 523 εὐβουλίας

206 546 338 612 ἔφη,
387 543 730 610 συνήδεσθαι
782 537 833 595 δ’
885 544 936 595 εἰ
978 542 1178 605 πάντες
1222 544 1330 612 ἤδη
1377 543 1546 596 ταύτὰ
1597 550 1891 612 φρονοῦσι,

205 629 295 684 καὶ
334 638 398 700 τῇ
444 633 603 684 πόλει
647 632 868 684 διδόναι
908 628 970 684 δὲ
1015 634 1201 684 πίστιν
1242 629 1482 700 ἑτοίμως.
1558 631 1741 700 <321>
1780 640 1891 684 τῶν

207 717 336 772 δέκα
377 716 427 772 δ’
472 721 531 773 οἱ
563 717 724 772 πέντε
764 716 865 788 μὲν
904 719 1051 790 αὐτῷ
1101 722 1571 790 συνυπεκρίνοντο
1626 721 1727 788 τὴν
1785 720 1890 772 ἰκε-

204 811 419 878 τηρίαν,
460 810 518 861 οἰ
553 806 737 862 λοιποὶ
778 806 826 861 δ’
867 808 968 861 οὐκ
1004 809 1073 861 ἄν
1111 826 1242 862 ποτε
1282 810 1578 862 δουλεῦσαι
1609 806 1893 877 Ῥωμαίοις

207 896 401 965 ἐβόων,
440 899 618 966 παρὸν
653 895 982 967 ἐλευθέρους
1015 895 1338 951 ἀποθανεῖν.
1401 896 1581 965 <322>
1611 895 1703 949 καὶ
1735 894 1893 965 μέχρι

204 989 414 1039 πολλοῦ
455 983 873 1055 διαφερομένων
913 985 1155 1056 ἐτρίβετο
1196 983 1298 1055 μὲν
1336 986 1369 1054 ἡ
1409 987 1720 1055 προσβολή,
1761 983 1892 1053 πέμ-

204 1092 325 1126 πων
364 1071 414 1126 δ’
461 1074 490 1127 ὁ
538 1074 773 1143 Κάστωρ
820 1075 957 1142 πρὸς
1001 1075 1100 1127 τὸν
1139 1077 1371 1144 Σίμωνα
1419 1078 1587 1144 σχολῇ
1635 1073 1894 1142 βουλεύε-

205 1167 340 1216 σθαι
378 1161 504 1233 περὶ
541 1171 652 1215 τῶν
693 1161 1026 1230 ἐπειγόντων
1067 1165 1280 1232 ἔλεγεν,
1319 1164 1393 1226 ὡς
1434 1163 1535 1216 οὐκ
1576 1160 1658 1215 ἐπ’
1703 1162 1894 1230 ὀλίγον

204 1250 367 1314 αὐτὸς
414 1252 687 1315 διαπαίζοι
733 1252 834 1320 τὴν
868 1249 1146 1321 Ῥωμαίων
1198 1236 1389 1322 ἀρχήν.
1466 1252 1576 1320 ἅμα
1617 1248 1678 1303 δὲ
1723 1257 1895 1303 ταῦτα

202 1338 431 1408 πέμπων
470 1341 786 1409 καταφανὴς
834 1336 904 1408 ἦν
949 1338 1042 1393 καὶ
1079 1343 1209 1403 τοὺς
1256 1339 1627 1402 ἀπειθοῦντας
1668 1337 1756 1392 ἐπὶ
1793 1339 1895 1406 τὴν

205 1427 391 1491 δεξιὰν
422 1431 768 1495 παρακαλῶν.
829 1427 1013 1496 <323>
1054 1431 1112 1482 οἳ
1147 1426 1196 1481 δ’
1236 1429 1418 1498 ὥσπερ
1460 1427 1895 1496 ἀγανακτοῦντες

205 1513 343 1585 ὑπὲρ
384 1517 449 1568 τὰ
488 1522 770 1586 θωρακεῖα
811 1518 1010 1587 διῆράν
1049 1537 1107 1570 τε
1146 1518 1212 1570 τὰ
1251 1517 1382 1586 ξίφη
1423 1518 1607 1586 γυμνὰ
1637 1515 1728 1569 καὶ
1767 1518 1897 1578 τοὺς

202 1606 462 1674 θώρακας
494 1605 677 1681 αὑτῶν
708 1604 1010 1674 πλήξαντες
1042 1606 1115 1669 ὡς
1143 1604 1556 1675 ἀπεσφαγμένοι
1580 1603 1895 1658 κατέπεσον.

201 1693 383 1762 <324>
437 1694 657 1763 θάμβος
712 1691 773 1747 δὲ
826 1696 923 1748 τὸν
987 1697 1150 1748 Τίτον
1210 1693 1302 1747 καὶ
1364 1696 1493 1757 τοὺς
1545 1692 1670 1763 περὶ
1725 1693 1895 1747 αὐτὸν

202 1781 374 1852 εἰσῄει
419 1791 518 1836 τοῦ
557 1791 669 1836 τῶν
717 1782 940 1854 ἀνδρῶν
987 1786 1436 1854 παραστήματος,
1482 1780 1574 1836 καὶ
1614 1783 1687 1851 μὴ
1729 1782 1896 1835 δυνά-

202 1890 360 1939 μενοι
407 1872 660 1925 κάτωθεν
707 1871 945 1942 ἀκριβῶς
990 1875 1051 1926 τὸ
1100 1870 1469 1941 γεγενημένον
1511 1873 1679 1938 ἰδεῖν,
1729 1869 1896 1924 ἐθαύ-

202 1962 371 2027 μαζόν
403 1980 459 2012 τε
491 1968 587 2029 τῆς
618 1961 909 2031 εὐτολμίας
941 1961 1142 2024 αὐτοὺς
1174 1959 1266 2014 καὶ
1296 1969 1396 2014 τοῦ
1427 1960 1647 2022 πάθους
1677 1957 1895 2028 ἠλέουν.

203 2048 385 2116 <325>
431 2048 640 2112 τοξεύει
697 2049 763 2103 δέ
813 2070 895 2112 τις
946 2050 1006 2104 ἐν
1056 2050 1233 2123 τούτῳ
1279 2051 1427 2120 παρὰ
1473 2050 1575 2118 τὴν
1623 2048 1752 2119 ῥῖνα
1797 2049 1896 2101 τὸν

202 2136 487 2206 Κάστορα,
537 2137 791 2201 κάκεῖνος
837 2137 1048 2202 εὐθέως
1095 2138 1412 2200 ἀνασπάσας
1457 2139 1518 2191 τὸ
1567 2138 1727 2205 βέλος
1778 2135 1896 2189 ἐπε-

203 2226 394 2278 δείκνυ
433 2232 509 2298 τςό
559 2229 727 2299 Τίτῳ,
773 2226 866 2280 καὶ
914 2228 988 2290 ὡς
1036 2231 1103 2281 οὐ
1145 2228 1331 2280 δίκαια
1369 2227 1597 2296 πάσχων
1635 2223 1896 2294 κατεμέμ-

202 2332 350 2382 φετο.
412 2315 549 2382 πρὸς
581 2311 643 2367 δὲ
674 2316 773 2368 τὸν
805 2318 1049 2384 βαλόντα
1082 2316 1404 2386 σχετλιάσας
1433 2317 1653 2384 Καῖσαρ
1694 2315 1896 2380 ἔπεμπε
1921 2334 1940 2365 2

201 2411 522 2471 παρεστῶτα
568 2404 667 2456 τὸν
708 2401 978 2472 Ἰώσηπον
1026 2406 1224 2458 δοῦναι
1270 2412 1345 2476 τῷ
1393 2404 1642 2472 Κάστορι
1691 2401 1894 2465 δεξιάν.

202 2491 385 2560 <326>
441 2489 561 2545 ἀλλ’
624 2491 652 2545 ὃ
709 2489 811 2561 μὲν
867 2491 982 2546 οὔτ’
1039 2494 1205 2556 αὐτὸς
1259 2495 1364 2562 ἔφη
1419 2492 1896 2562 προσελεύσεσθαι

199 2578 459 2650 (φρονεῖν
512 2581 617 2651 γὰρ
667 2579 834 2634 οὐδὲν
880 2578 1033 2649 ὑγιὲς
1079 2584 1210 2645 τοὺς
1257 2578 1577 2651 δεομένους)
1629 2578 1720 2633 καὶ
1767 2581 1897 2641 τοὺς

200 2668 560 2738 ὡρμημένους
598 2678 710 2723 τῶν
749 2673 930 2740 φίλων
970 2669 1257 2741 κατέσχεν,
1295 2671 1525 2732 Αἰνείας
1565 2667 1631 2721 δέ
1665 2688 1747 2731 τις
1785 2676 1897 2721 τῶν

200 2756 524 2826 αὐτομόλων
564 2758 729 2821 αὐτὸς
768 2761 874 2828 ἔφη
906 2760 1396 2828 προσελεύσεσθαι.
1459 2758 1640 2826 (327)
1672 2755 1763 2809 καὶ
1795 2763 1896 2809 τοῦ

199 2835 488 2916 Κάστόιρος
533 2842 836 2910 καλοῦντος
877 2848 1023 2911 ὅπως
1063 2847 1278 2912 δέξαιτό
1327 2867 1411 2910 τις
1457 2844 1548 2899 καὶ
1597 2844 1899 2915 τάργύριον

1917 1005 1960 1038 10

1919 1446 1961 1479 15

1921 1891 1964 1923 20

1922 2778 1965 2809 30
