2032 3128
688 109 898 151 ΛΟΓΟΣ
929 109 1217 150 ΕΒΔΟΜΟΣ
1687 107 1713 156 1
1723 105 1751 156 7
1760 105 1788 156 7

115 245 256 296 ἰδεῖν
303 239 818 310 κατασκαπτομένην
863 244 1159 309 πολεμίων,
1206 240 1338 312 πρὶν
1377 242 1475 294 τὸν
1517 241 1655 294 ναὸν
1694 242 1792 293 τὸν

115 333 274 399 ἅγιον
315 330 489 392 οὕτως
535 329 771 392 ἀνοσίως
818 327 1280 398 ἐξορωρυγμένον.
1359 330 1541 398 <380>
1582 327 1695 382 ἐπεὶ
1737 327 1788 381 δ’

113 419 252 487 ἡμᾶς
275 418 376 472 οὐκ
399 417 633 486 ἀγεννὴς
657 415 806 479 ἐλπὶς
830 416 1212 484 ἐβουκόλησεν,
1241 417 1313 478 ὡς
1337 417 1471 485 τάχα
1494 435 1603 470 που
1629 417 1795 484 δυνή-

115 511 312 558 σεσθαι
344 508 472 568 τοὺς
502 507 797 573 πολεμίους
829 500 966 574 ὑπὲρ
1000 502 1167 571 αὐτῆς
1199 502 1537 570 ἀμύνασθαι,
1576 505 1794 573 φρούδη

70 616 90 646 5
116 591 178 644 δὲ
216 592 407 661 γέγονε
446 600 553 646 νῦν
582 591 675 645 καὶ
714 594 920 660 μόνους
956 591 1095 660 ἡμᾶς
1127 588 1214 643 ἐπὶ
1245 598 1339 658 τῆς
1370 590 1607 658 ἀνάγκης
1638 611 1799 643 κατα--

116 678 353 747 λέλοιπε,
392 682 715 745 σπεύσωμεν
747 685 923 742 καλῶς
955 679 1281 746 ἀποθανεῖν,
1321 678 1628 747 ἐλεήσωμεν
1658 679 1799 747 ἡμᾶς

116 767 317 829 αὐτοὺς
354 764 446 819 καὶ
476 767 542 819 τὰ
573 765 736 818 τέκνα
767 766 858 818 καὶ
889 768 984 827 τὰς
1014 776 1293 833 γυναῖκας,
1332 765 1433 828 ἕως
1464 766 1597 834 ἡμῖν
1628 768 1798 831 ἔξεστι

115 854 244 925 παρ’
279 855 434 924 ἡμῶν
482 854 665 907 αὐτῶν
712 857 903 922 λαβεῖν
948 855 1047 907 τὸν
1094 856 1264 906 ἔλεον.
1341 854 1522 923 <381>
1561 852 1650 906 ε’πὶ
1699 851 1800 923 μὲν

116 945 220 1012 γὰρ
260 944 510 996 θάνατον
539 941 925 1010 ἐγεννήθημεν
962 939 1053 994 καὶ
1094 944 1222 1004 τοὺς
1259 941 1315 1005 ἐξ
1355 942 1538 996 αὑτῶν
1578 941 1801 1010 ἐγεννή-

51 1056 93 1088 10
118 1017 308 1100 σαμεν,
354 1030 445 1084 καὶ
491 1038 691 1084 τοῦτον
731 1027 863 1083 οὐδὲ
901 1039 1014 1092 τοῖς
1062 1030 1491 1099 εὐδαιμονοῦσιν
1529 1032 1643 1083 ἔστι
1684 1032 1801 1083 δια-

115 1129 341 1190 φυγεῖν·
395 1120 575 1188 <382>
617 1119 777 1188 ὕβρις
816 1115 877 1171 δὲ
922 1117 1014 1171 καὶ
1062 1120 1286 1172 δουλειά
1331 1117 1424 1171 καὶ
1469 1121 1530 1173 τὸ
1578 1122 1802 1188 βλέπειν

117 1218 382 1277 γυναῖκας
413 1210 491 1271 εἰς
523 1208 792 1278 αἰσχύνην
818 1206 1090 1276 ἀγομένας
1122 1208 1255 1276 μετὰ
1285 1206 1496 1260 τέκνων
1519 1207 1620 1260 οὐκ
1654 1211 1802 1261 ἔστιν

117 1297 437 1368 ἀνθρώποις
482 1297 653 1349 κακὸν
703 1295 762 1348 ἐκ
809 1296 1028 1364 φύσεως
1075 1294 1395 1363 ἀναγκαῖον,
1448 1294 1588 1349 ἀλλὰ
1633 1305 1804 1350 ταῦτα

119 1387 211 1439 διὰ
264 1387 366 1454 τὴν
421 1384 604 1437 αὑτῶν
660 1385 872 1437 δειλίαν
925 1382 1302 1451 ὑπομένουσιν
1358 1383 1417 1436 οὗ
1464 1384 1643 1452 παρὸν
1696 1386 1803 1453 πρὸ

53 1497 95 1530 15
120 1474 301 1526 αὐτῶν
342 1471 651 1524 ἀποθανεῖν
689 1470 762 1539 μὴ
801 1472 1149 1539 θελήσαντες.
1179 1524 1182 1527 ,
1225 1470 1405 1538 <383>
1443 1470 1597 1539 ἡμεῖς
1637 1471 1687 1524 δ’
1710 1469 1795 1524 ἐπ’

121 1561 350 1631 ἀνδρείᾳ
389 1558 525 1628 μέγα
560 1567 901 1629 φρονοῦντες
931 1555 1212 1626 Ῥωμαίων
1244 1556 1571 1627 ἀπέστημεν,
1609 1558 1700 1612 καὶ
1740 1561 1805 1613 τὰ

121 1654 401 1703 τελευταῖα
448 1654 555 1700 νῦν
595 1645 682 1699 ἐπὶ
730 1649 972 1718 σωτηρία
1017 1645 1483 1715 προκαλουμένων
1521 1647 1662 1716 ἡμᾶς
1705 1649 1805 1718 οὐχ

120 1738 526 1807 ὑπηκούσαμεν.
603 1735 786 1804 <384>
824 1737 934 1788 τίνι
980 1737 1173 1788 τοίνυν
1213 1734 1315 1787 οὐκ
1360 1736 1509 1788 ἔστιν
1549 1735 1578 1789 ὁ
1625 1738 1807 1806 θυμὸς

123 1827 305 1880 αὐτῶν
336 1826 629 1894 πρόδηλος,
663 1825 714 1876 εἰ
745 1824 961 1887 ζώντων
993 1823 1149 1892 ἡμῶν
1179 1825 1577 1893 κρατήσουσιν;
1618 1825 1808 1879 ἄθλιοι

11 1948 15 1950 >
57 1942 99 1973 20
125 1912 225 1984 μὲν
258 1916 316 1968 οἱ
350 1913 468 1968 νέοι
499 1920 595 1982 τῆς
626 1913 810 1984 ῥώμης
840 1922 951 1966 τῶν
985 1912 1251 1981 σωμάτων
1283 1917 1362 1974 εἰς
1394 1912 1601 1975 πολλὰς
1631 1915 1809 1977 αἰκίας

125 2003 462 2075 ἀρκέσοντες,
501 2004 692 2055 ἄθλιοι
733 1999 782 2054 δ’
814 2002 871 2055 οἱ
905 2003 1299 2071 παρηβηκότες,
1337 1999 1529 2070 φέρειν
1559 2008 1654 2070 τῆς
1690 2001 1809 2070 ἡλι-

123 2095 242 2155 κίας
287 2093 381 2154 τὰς
427 2091 715 2160 συμφορὰς
760 2090 827 2144 οὐ
876 2088 1200 2159 δυναμένης.
1277 2089 1459 2158 <385>
1499 2091 1697 2153 ὄψεταί
1730 2111 1811 2154 τις

125 2190 359 2250 γυναῖκα
403 2181 541 2250 πρὸς
586 2183 715 2248 βίαν
755 2177 1052 2247 ἀγομένην,
1098 2184 1288 2246 φωνῆς
1331 2177 1689 2231 ἐπακούσεται
1727 2179 1810 2233 τέ-

125 2290 263 2323 κνου
308 2267 514 2339 πατέρα
561 2270 804 2336 βοῶντος
854 2277 1037 2337 χεῖρας
1081 2265 1387 2335 δεδεμένος.
1462 2267 1644 2336 <386>
1684 2267 1801 2321 ἀλλ’

59 2383 104 2414 25
128 2357 227 2421 ἕως
257 2356 399 2411 εἰσὶν
428 2356 720 2426 ἐλεύθεραι
750 2354 841 2409 καὶ
874 2356 1028 2425 ξίφος
1060 2357 1265 2424 ἔχουσι,
1295 2355 1469 2423 καλὴν
1500 2355 1811 2424 ὑπουργίαν

126 2447 258 2516 ἡμῖν
305 2445 828 2516 ὑπουργησάτωσαν.
904 2443 1211 2497 ἀδούλωτοι
1257 2440 1359 2513 μὲν
1404 2443 1512 2497 ὑπὸ
1558 2454 1669 2497 τῶν
1714 2463 1813 2498 πο-

127 2537 331 2604 λεμίων
377 2534 766 2603 ἀποθάνωμεν,
821 2532 1108 2602 ἐλεύθεροι
1164 2529 1226 2586 δὲ
1281 2534 1413 2601 μετὰ
1467 2531 1675 2589 τέκνων
1720 2532 1813 2586 καὶ

127 2632 408 2696 γυναικῶν
455 2630 554 2677 τοῦ
603 2625 698 2692 ζῆν
745 2621 1178 2691 συνεξέλθωμεν.
1253 2622 1434 2691 <387>
1473 2617 1634 2675 ταῦθ’
1673 2622 1814 2691 ἡμᾶς

130 2714 187 2781 οἱ
229 2715 392 2782 νόμοι
439 2713 754 2780 κελεύουσι,
800 2707 962 2764 ταῦθ’
1001 2710 1141 2781 ἡμᾶς
1186 2719 1443 2778 γυναῖκες
1486 2708 1577 2763 καὶ
1622 2712 1813 2773 παῖδες

61 2824 106 2856 30
132 2801 452 2854 ἱκετεύουσι.
513 2801 724 2854 τούτων
755 2801 856 2869 τὴν
891 2798 1134 2869 ἀνάγκην
1164 2800 1297 2862 θεὸς
1336 2797 1652 2868 ἀπέσταλκε,
1690 2800 1814 2853 τού-

130 2909 242 2943 των
274 2887 528 2958 Ῥωμαῖοι
566 2889 829 2943 τάναντία
866 2887 1120 2957 θέλουσι,
1157 2885 1248 2941 καὶ
1288 2890 1361 2957 μή
1400 2907 1482 2950 τις
1519 2887 1676 2956 ἡμῶν
1706 2889 1812 2958 πρὸ

220 2985 431 3018 ΙοεΕΡΗοε.
455 2985 520 3018 VI.
1495 2979 1547 3017 12
