2032 3128
1976 0 2011 175 ,ξ

254 108 323 159 62
683 109 809 152 ΤΟΤ
839 109 1180 152 ΙΟΤΔΑῙΚΟΤ
1209 110 1518 152 ΠΟΛΕΜΟΥ

251 243 439 310 αὐτήν.
518 243 701 311 <471>
737 245 799 296 τὸ
848 240 948 312 μὲν
996 239 1099 296 οὖν
1144 251 1365 311 πρῶτον
1405 244 1538 312 μετὰ
1576 251 1675 297 τοῦ
1713 263 1930 314 κονιορ-
2002 240 2006 243 ’

248 338 349 383 τοῦ
388 332 594 393 καπνὸς
638 331 885 400 ἠγείρετο
933 332 1139 400 βαθύς,
1185 331 1522 401 πνιγομένου
1570 339 1645 403 τῷ
1685 333 1931 400 πτώματι

247 426 346 472 τοῦ
386 421 581 489 πυρός·
644 427 738 488 τῆς
777 417 838 472 δὲ
876 421 1182 489 θλιβούσης
1219 419 1354 489 ὕλης
1392 418 1932 489 διαβιβρωσκομένης

247 508 352 575 ἤδη
385 508 599 577 φανερὰ
631 507 767 576 φλὸξ
803 508 1121 578 ἐρρήγνυτο.
1179 508 1361 577 <472>
1391 506 1482 561 καὶ
1513 517 1627 570 τοῖς
1648 506 1933 577 Ῥωμαίοις

247 595 499 663 ἔκπληξις
537 593 639 665 μὲν
676 597 814 666 πρὸς
850 598 911 648 τὸ
952 596 1265 665 αἰφνίδιον,
1303 594 1518 663 ἀθυμία
1558 592 1620 648 δὲ
1657 598 1793 665 πρὸς
1830 597 1930 665 τὴν
1976 597 1998 651 5

247 683 498 737 ἐπίνοιαν
554 683 815 753 ἐμπίπτει.
893 683 982 736 καὶ
1036 685 1330 751 κρατήσειν
1386 682 1663 752 οἰομένοις
1714 686 1821 753 ἤδη
1867 687 1930 738 τὸ

248 773 466 841 συμβὰν
503 771 595 825 καὶ
640 774 778 841 πρὸς
814 774 876 826 τὸ
917 771 1120 841 μέλλον
1159 770 1323 836 ἔψυξε
1361 774 1463 841 τὴν
1504 771 1718 824 ἐλπίδα·
1773 774 1835 826 τὸ
1876 771 1925 826 δ’

246 860 478 929 ἀμύνειν
517 858 739 929 ἀχρεῖον
778 860 957 914 ἐδόκει
995 862 1131 927 πρὸς
1169 862 1231 914 τὸ
1270 867 1407 930 πῦρ,
1446 858 1537 913 καὶ
1570 862 1621 912 εί
1651 864 1932 930 σβεσθείη,

245 958 354 1001 τῶν
394 949 662 1018 χωμάτων
701 948 1144 1002 καταποθέντων.

355 1038 535 1107 <473>
583 1039 716 1107 μετὰ
764 1034 814 1091 δ’
851 1037 1054 1108 ἡμέρας
1102 1039 1206 1091 δύο
1253 1037 1344 1091 καὶ
1386 1048 1500 1101 τοϊς
1538 1040 1726 1101 ἄλλοις
1766 1037 1931 1091 ἐπιτί-
1957 1061 2000 1093 10

243 1132 439 1179 θενται
492 1128 740 1197 χώμασιν
795 1128 854 1180 οἱ
909 1126 1035 1196 περὶ
1087 1129 1186 1180 τὸν
1236 1130 1493 1196 Σίμωνα·
1555 1125 1647 1179 καὶ
1702 1127 1806 1196 γὰρ
1862 1126 1930 1194 δὴ

243 1219 687 1284 προσαγαγόντες
715 1216 886 1286 ταύτῃ
911 1216 1006 1278 τὰς
1031 1214 1306 1278 ἑλεπόλεις
1330 1217 1389 1269 οἱ
1411 1213 1667 1284 Ῥωμαῖοι
1693 1213 1931 1267 διέσειον

241 1305 347 1372 ἤδη
394 1306 455 1358 τὸ
503 1314 693 1374 τεῖχος.
772 1303 955 1372 <474>
1003 1307 1282 1373 Τεφθαῖος
1331 1301 1396 1356 δέ
1444 1322 1528 1366 τις
1573 1303 1679 1356 ἀπὸ
1728 1305 1781 1356 Γ
1775 1301 1932 1374 αρσὶς

241 1394 452 1454 πόλεως
497 1399 592 1460 τῆς
638 1376 962 1459 Γαλιλαίας,
1008 1390 1099 1444 καὶ
1146 1393 1516 1461 Μεγάσσαρος
1561 1401 1672 1444 τῶν
1719 1395 1932 1461 βασιλι-

240 1490 355 1533 κῶν
393 1478 484 1533 καὶ
517 1481 858 1550 Μαριάμμης
896 1480 1181 1550 θεράπων,
1219 1478 1348 1549 μεθ’
1378 1475 1456 1533 ὧν
1490 1478 1814 1549 Ἀδιαβηνός
1851 1500 1932 1543 τις
1955 1502 1999 1546 15

239 1569 360 1631 υίὸς
398 1572 742 1639 Ναβαταίου,
789 1570 1035 1638 τοῦνομα
1073 1567 1300 1638 κληθεὶς
1339 1568 1445 1622 άπὸ
1485 1576 1579 1637 τῆς
1617 1570 1782 1638 τύχης
1821 1572 1930 1621 Χα-

241 1660 451 1726 γείρας,
507 1658 641 1727 ὅπερ
689 1661 942 1727 σημαίνει
996 1661 1197 1728 χωλός,
1251 1657 1592 1729 ἁρπάσαντες
1646 1658 1932 1726 λαμπάδας

238 1747 641 1815 προυπήδησαν
695 1744 782 1799 ἐπὶ
835 1747 931 1808 τὰς
986 1747 1244 1817 μηχανάς.
1322 1746 1505 1815 <475>
1559 1747 1774 1799 τούτων
1819 1755 1931 1799 τῶν

240 1833 463 1904 ἀνδρῶν
510 1835 637 1888 οὔτε
691 1837 1085 1905 τολμηρότεροι
1138 1836 1273 1888 κατὰ
1326 1836 1490 1888 τόνδε
1543 1837 1641 1888 τὸν
1686 1837 1930 1904 πόλεμον

239 1921 298 1975 ἐκ
351 1931 446 1991 τῆς
505 1925 716 1986 πόλεως
771 1923 1054 1993 ἐφάνησαν
1110 1924 1235 1977 οὔτε
1289 1924 1688 1994 φοβερώτεροι·
1749 1923 1930 1994 <476>
1953 1945 1998 1977 20

237 2011 490 2081 καθάπερ
554 2013 659 2082 γὰρ
713 2014 791 2076 είς
844 2016 1043 2081 φίλους
1097 2011 1466 2083 ἐκτρέχοντες,
1529 2012 1597 2066 οὐ
1650 2015 1929 2082 πολεμίων

238 2109 461 2169 στῖφος,
513 2099 628 2154 οὔτ’
667 2103 888 2154 ἔδεισαν
935 2099 1050 2154 οὔτ’
1090 2101 1395 2170 ἐμέλλησαν
1443 2098 1560 2154 οὔτ’
1599 2099 1929 2170 ἀπέστησαν,

237 2188 376 2242 ἀλλὰ
417 2190 508 2241 διὰ
556 2188 740 2258 μέσων
781 2190 1111 2259 ἐνθορόντες
1153 2200 1264 2243 τῶν
1304 2189 1524 2260 ἐχθρῶν
1563 2189 1796 2258 ὑφῆψαν
1834 2190 1930 2251 τὰς

236 2278 509 2346 μηχανάς,
551 2279 733 2348 <477>
771 2282 1105 2348 βαλλόμενοι
1146 2276 1207 2331 δὲ
1245 2277 1337 2331 καὶ
1376 2289 1492 2341 τοῖς
1531 2278 1747 2347 ξίφεσιν
1787 2278 1929 2331 άνω-

232 2366 508 2434 θούμενοι
568 2367 852 2421 πάντοθεν
916 2368 983 2421 οὐ
1043 2370 1315 2439 πρότερον
1378 2367 1436 2420 ἐκ
1496 2375 1597 2421 τοῦ
1658 2368 1928 2420 κινδύνου
1952 2386 1994 2419 25

233 2458 675 2525 μετεκινήθησαν
729 2455 762 2524 ἣ
825 2456 1134 2525 δράξασθαι
1195 2466 1307 2510 τῶν
1362 2456 1619 2525 ὀργάνων
1674 2457 1735 2508 τὸ
1797 2462 1924 2522 πῦρ.

232 2543 415 2612 <478>
454 2542 749 2614 αἰρομένης
790 2542 840 2597 δ’
871 2546 976 2613 ἤδη
1017 2552 1113 2612 τῆς
1150 2546 1360 2614 φλογὸς
1392 2542 1645 2611 Ῥωμαῖοι
1684 2539 1786 2610 μὲν
1818 2541 1925 2595 ἀπὸ

229 2639 342 2682 τῶν
375 2630 760 2699 στρατοπέδων
793 2631 1128 2695 συνθέοντες
1160 2631 1459 2701 ἐβοήθουν,
1493 2626 1754 2684 Ἰουδαῖοι
1791 2628 1840 2683 δ’
1867 2629 1926 2683 ἐκ

229 2726 331 2772 τοῦ
376 2722 591 2789 τείχους
638 2718 883 2773 ἐκώλυον
929 2719 1018 2772 καὶ
1068 2730 1183 2782 τοῖς
1229 2720 1523 2788 σβεννύειν
1565 2717 1928 2788 πειρωμένοις

230 2806 650 2875 συνεπλέκοντο,
695 2808 831 2860 κατὰ
878 2805 1054 2877 μηδὲν
1093 2817 1204 2861 τῶν
1245 2809 1406 2861 ι’δίων
1449 2809 1771 2877 φειδόμενοι
1819 2821 1924 2859 σω-
1948 2829 1993 2861 30

228 2895 428 2964 μάτων.
507 2896 689 2966 <479>
734 2894 826 2950 καὶ
875 2899 932 2950 οἳ
974 2894 1075 2965 μὲν
1121 2890 1307 2950 εἷλκον
1357 2896 1415 2950 ἐκ
1462 2904 1561 2950 τοῦ
1611 2897 1788 2966 πυρὸς
1833 2896 1927 2957 τὰς
