<?xml version="1.0" encoding="UTF-8"?>
<!DOCTYPE html PUBLIC "-//W3C//DTD XHTML 1.0 Transitional//EN"
    "http://www.w3.org/TR/xhtml1/DTD/xhtml1-transitional.dtd">
<html xmlns="http://www.w3.org/1999/xhtml" xml:lang="en" lang="en">
 <head>
  <title>
</title>
<meta http-equiv="Content-Type" content="text/html;charset=utf-8" />
  <meta name='ocr-system' content='tesseract 3.04.00' />
  <meta name='ocr-capabilities' content='ocr_page ocr_carea ocr_par ocr_line ocrx_word'/>
</head>
<body>
  <div class='ocr_page' id='page_1' title='image "./flaviiiosephiope06joseuoft_0177.png"; bbox 0 0 2032 3128; ppageno 0'>
   <div class='ocr_carea' id='block_1_1' title="bbox 726 100 1791 151">
    <p class='ocr_par' dir='ltr' id='par_1_1' title="bbox 726 100 1791 151">
     <span class='ocr_line' id='line_1_1' title="bbox 726 100 1791 151; baseline -0.002 -6"><span class='ocrx_word' id='word_1_1' title='bbox 726 105 937 146; x_wconf 87' lang='grc' dir='ltr'>ΛΟΓΟΣ</span> <span class='ocrx_word' id='word_1_2' title='bbox 969 104 1169 145; x_wconf 88' lang='grc' dir='ltr'>ΕΚΤΟΣ</span> <span class='ocrx_word' id='word_1_3' title='bbox 1687 100 1791 151; x_wconf 79' lang='grc'><em>121</em></span> 
     </span>
    </p>
   </div>
   <div class='ocr_carea' id='block_1_2' title="bbox 11 231 1867 2959">
    <p class='ocr_par' dir='ltr' id='par_1_2' title="bbox 11 231 1867 2959">
     <span class='ocr_line' id='line_1_2' title="bbox 109 231 1793 306; baseline -0.001 -17"><span class='ocrx_word' id='word_1_4' title='bbox 109 241 233 290; x_wconf 81' lang='grc' dir='ltr'><em>ἴσου</em></span> <span class='ocrx_word' id='word_1_5' title='bbox 265 235 546 304; x_wconf 87' lang='grc' dir='ltr'><em>Ῥωμαίοις</em></span> <span class='ocrx_word' id='word_1_6' title='bbox 584 235 668 290; x_wconf 81' lang='grc' dir='ltr'><em>ἔθ’</em></span> <span class='ocrx_word' id='word_1_7' title='bbox 709 231 824 290; x_wconf 82' lang='grc' dir='ltr'><em>οἶοί</em></span> <span class='ocrx_word' id='word_1_8' title='bbox 856 235 899 289; x_wconf 85' lang='grc' dir='ltr'><em>τ’</em></span> <span class='ocrx_word' id='word_1_9' title='bbox 939 234 1107 305; x_wconf 76' lang='grc' dir='ltr'><em>ἦσαν,</em></span> <span class='ocrx_word' id='word_1_10' title='bbox 1148 237 1328 305; x_wconf 82' lang='grc' dir='ltr'><em>ὥσπερ</em></span> <span class='ocrx_word' id='word_1_11' title='bbox 1369 236 1551 306; x_wconf 76' lang='grc' dir='ltr'><em>εἱρκτῇ</em></span> <span class='ocrx_word' id='word_1_12' title='bbox 1591 253 1793 304; x_wconf 90' lang='grc' dir='ltr'><em>περιει-</em></span> 
     </span>
     <span class='ocr_line' id='line_1_3' title="bbox 108 323 1795 394; baseline -0.001 -17"><span class='ocrx_word' id='word_1_13' title='bbox 108 323 394 392; x_wconf 84' lang='grc' dir='ltr'><em>λημμένοι,</em></span> <span class='ocrx_word' id='word_1_14' title='bbox 433 327 494 377; x_wconf 91' lang='grc' dir='ltr'><em>τό</em></span> <span class='ocrx_word' id='word_1_15' title='bbox 534 344 590 377; x_wconf 92' lang='grc' dir='ltr'><em>τε</em></span> <span class='ocrx_word' id='word_1_16' title='bbox 630 335 730 379; x_wconf 90' lang='grc' dir='ltr'><em>τοῦ</em></span> <span class='ocrx_word' id='word_1_17' title='bbox 775 326 1038 394; x_wconf 80' lang='grc' dir='ltr'><em>φονεύειν</em></span> <span class='ocrx_word' id='word_1_18' title='bbox 1078 327 1210 387; x_wconf 83' lang='grc' dir='ltr'><em>ἔθος</em></span> <span class='ocrx_word' id='word_1_19' title='bbox 1249 324 1417 377; x_wconf 82' lang='grc' dir='ltr'><strong><em>ἐκίνει</em></strong></span> <span class='ocrx_word' id='word_1_20' title='bbox 1463 324 1558 387; x_wconf 81' lang='grc' dir='ltr'><em>τὰς</em></span> <span class='ocrx_word' id='word_1_21' title='bbox 1597 323 1795 390; x_wconf 82' lang='grc' dir='ltr'><em>δεξιάς,</em></span> 
     </span>
     <span class='ocr_line' id='line_1_4' title="bbox 109 411 1796 482; baseline -0.001 -17"><span class='ocrx_word' id='word_1_22' title='bbox 109 414 465 479; x_wconf 78' lang='grc' dir='ltr'><em>σκιδνάμενοι</em></span> <span class='ocrx_word' id='word_1_23' title='bbox 503 414 640 465; x_wconf 78' lang='grc' dir='ltr'><em>κατὰ</em></span> <span class='ocrx_word' id='word_1_24' title='bbox 679 415 744 465; x_wconf 81' lang='grc' dir='ltr'><em>τὰ</em></span> <span class='ocrx_word' id='word_1_25' title='bbox 785 416 1101 482; x_wconf 81' lang='grc' dir='ltr'><em>ἔμπροσθεν</em></span> <span class='ocrx_word' id='word_1_26' title='bbox 1132 420 1227 480; x_wconf 81' lang='grc' dir='ltr'><em>τῆς</em></span> <span class='ocrx_word' id='word_1_27' title='bbox 1258 415 1469 475; x_wconf 88' lang='grc' dir='ltr'><em>πόλεως</em></span> <span class='ocrx_word' id='word_1_28' title='bbox 1506 422 1620 474; x_wconf 89' lang='grc' dir='ltr'><em>τοῖς</em></span> <span class='ocrx_word' id='word_1_29' title='bbox 1658 411 1796 477; x_wconf 85' lang='grc' dir='ltr'><em>ἐρει-</em></span> 
     </span>
     <span class='ocr_line' id='line_1_5' title="bbox 107 498 1796 569; baseline -0.001 -17"><span class='ocrx_word' id='word_1_30' title='bbox 107 504 254 562; x_wconf 80' lang='grc' dir='ltr'><em>πίοις</em></span> <span class='ocrx_word' id='word_1_31' title='bbox 292 501 579 568; x_wconf 81' lang='grc' dir='ltr'><strong><em>ὑπελόχων</em></strong></span> <span class='ocrx_word' id='word_1_32' title='bbox 626 504 755 563; x_wconf 89' lang='grc' dir='ltr'><em>τοὺς</em></span> <span class='ocrx_word' id='word_1_33' title='bbox 801 502 1130 569; x_wconf 80' lang='grc' dir='ltr'><em>αὐτομολεῖν</em></span> <span class='ocrx_word' id='word_1_34' title='bbox 1170 498 1539 568; x_wconf 79' lang='grc' dir='ltr'><em>ὡρμημένους.</em></span> <span class='ocrx_word' id='word_1_35' title='bbox 1617 498 1796 566; x_wconf 83' lang='grc'>&lt;367&gt;</span> 
     </span>
     <span class='ocr_line' id='line_1_6' title="bbox 64 584 1796 657; baseline -0.002 -15"><span class='ocrx_word' id='word_1_36' title='bbox 64 610 85 642; x_wconf 86' lang='lat'>5</span> <span class='ocrx_word' id='word_1_37' title='bbox 107 589 399 656; x_wconf 82' lang='grc' dir='ltr'><em>ἡλίσκοντο</em></span> <span class='ocrx_word' id='word_1_38' title='bbox 442 586 503 640; x_wconf 75' lang='grc' dir='ltr'><em>δὲ</em></span> <span class='ocrx_word' id='word_1_39' title='bbox 542 592 764 656; x_wconf 85' lang='grc' dir='ltr'><em>πολλοί,</em></span> <span class='ocrx_word' id='word_1_40' title='bbox 806 587 898 641; x_wconf 85' lang='grc' dir='ltr'><em>καὶ</em></span> <span class='ocrx_word' id='word_1_41' title='bbox 935 588 1144 650; x_wconf 77' lang='grc' dir='ltr'><em>πάντας</em></span> <span class='ocrx_word' id='word_1_42' title='bbox 1183 587 1625 656; x_wconf 80' lang='grc' dir='ltr'><em>ἀποσφάττοντες</em></span> <span class='ocrx_word' id='word_1_43' title='bbox 1664 584 1796 657; x_wconf 79' lang='grc' dir='ltr'><em>(ὑπὸ</em></span> 
     </span>
     <span class='ocr_line' id='line_1_7' title="bbox 107 673 1795 746; baseline -0.001 -18"><span class='ocrx_word' id='word_1_44' title='bbox 107 677 211 745; x_wconf 80' lang='grc' dir='ltr'><em>γὰρ</em></span> <span class='ocrx_word' id='word_1_45' title='bbox 269 676 482 739; x_wconf 76' lang='grc' dir='ltr'><em>ἐνδείας</em></span> <span class='ocrx_word' id='word_1_46' title='bbox 538 674 669 730; x_wconf 78' lang='grc' dir='ltr'><em>οὐδὲ</em></span> <span class='ocrx_word' id='word_1_47' title='bbox 724 685 925 745; x_wconf 81' lang='grc' dir='ltr'><em>φυγεῖν</em></span> <span class='ocrx_word' id='word_1_48' title='bbox 981 673 1200 746; x_wconf 82' lang='grc' dir='ltr'><em>ἴσχυον)</em></span> <span class='ocrx_word' id='word_1_49' title='bbox 1265 675 1558 744; x_wconf 78' lang='grc' dir='ltr'><em>ἐρρίπτουν</em></span> <span class='ocrx_word' id='word_1_50' title='bbox 1613 674 1795 726; x_wconf 82' lang='grc' dir='ltr'><em>αὐτῶν</em></span> 
     </span>
     <span class='ocr_line' id='line_1_8' title="bbox 106 761 1797 833; baseline -0.002 -16"><span class='ocrx_word' id='word_1_51' title='bbox 106 762 235 817; x_wconf 87' lang='grc' dir='ltr'><em>κυσὶ</em></span> <span class='ocrx_word' id='word_1_52' title='bbox 274 767 404 827; x_wconf 87' lang='grc' dir='ltr'><em>τοὺς</em></span> <span class='ocrx_word' id='word_1_53' title='bbox 441 766 689 833; x_wconf 90' lang='grc' dir='ltr'><em>νεκρούς.</em></span> <span class='ocrx_word' id='word_1_54' title='bbox 743 765 924 832; x_wconf 82' lang='lat'>&lt;368&gt;</span> <span class='ocrx_word' id='word_1_55' title='bbox 956 764 1136 816; x_wconf 86' lang='grc' dir='ltr'><em>ἐδόκει</em></span> <span class='ocrx_word' id='word_1_56' title='bbox 1176 761 1238 816; x_wconf 78' lang='grc' dir='ltr'><em>δὲ</em></span> <span class='ocrx_word' id='word_1_57' title='bbox 1275 771 1381 825; x_wconf 81' lang='grc' dir='ltr'><em>πᾶς</em></span> <span class='ocrx_word' id='word_1_58' title='bbox 1418 764 1619 831; x_wconf 86' lang='grc' dir='ltr'><em>τρόπος</em></span> <span class='ocrx_word' id='word_1_59' title='bbox 1650 761 1797 814; x_wconf 89' lang='grc' dir='ltr'><em>ἀπω-</em></span> 
     </span>
     <span class='ocr_line' id='line_1_9' title="bbox 108 848 1797 921; baseline -0.001 -17"><span class='ocrx_word' id='word_1_60' title='bbox 108 855 258 913; x_wconf 85' lang='grc' dir='ltr'><em>λείας</em></span> <span class='ocrx_word' id='word_1_61' title='bbox 296 861 395 905; x_wconf 86' lang='grc' dir='ltr'><em>τοῦ</em></span> <span class='ocrx_word' id='word_1_62' title='bbox 428 856 591 921; x_wconf 88' lang='grc' dir='ltr'><em>λιμοῦ</em></span> <span class='ocrx_word' id='word_1_63' title='bbox 623 855 980 920; x_wconf 85' lang='grc' dir='ltr'><em>κουφότερος,</em></span> <span class='ocrx_word' id='word_1_64' title='bbox 1020 852 1158 904; x_wconf 82' lang='grc' dir='ltr'><em>ὥστε</em></span> <span class='ocrx_word' id='word_1_65' title='bbox 1190 849 1282 903; x_wconf 85' lang='grc' dir='ltr'><em>καὶ</em></span> <span class='ocrx_word' id='word_1_66' title='bbox 1314 849 1595 919; x_wconf 89' lang='grc' dir='ltr'><em>Ῥωμαίοις</em></span> <span class='ocrx_word' id='word_1_67' title='bbox 1627 848 1797 916; x_wconf 84' lang='grc' dir='ltr'><em>ἀπηλ-</em></span> 
     </span>
     <span class='ocr_line' id='line_1_10' title="bbox 106 936 1797 1008; baseline -0.002 -15"><span class='ocrx_word' id='word_1_68' title='bbox 106 943 325 1002; x_wconf 85' lang='grc' dir='ltr'><em>πικότες</em></span> <span class='ocrx_word' id='word_1_69' title='bbox 362 941 468 1008; x_wconf 78' lang='grc' dir='ltr'><em>ἤδη</em></span> <span class='ocrx_word' id='word_1_70' title='bbox 510 942 608 993; x_wconf 85' lang='grc' dir='ltr'><em>τὸν</em></span> <span class='ocrx_word' id='word_1_71' title='bbox 649 942 806 993; x_wconf 84' lang='grc' dir='ltr'><em>ἔλεον</em></span> <span class='ocrx_word' id='word_1_72' title='bbox 847 941 993 1008; x_wconf 82' lang='grc' dir='ltr'><em>ὅμως</em></span> <span class='ocrx_word' id='word_1_73' title='bbox 1031 939 1435 1008; x_wconf 81' lang='grc' dir='ltr'><em>προσέφευγον,</em></span> <span class='ocrx_word' id='word_1_74' title='bbox 1474 936 1563 991; x_wconf 83' lang='grc' dir='ltr'><em>καὶ</em></span> <span class='ocrx_word' id='word_1_75' title='bbox 1595 939 1797 1007; x_wconf 82' lang='grc' dir='ltr'><em>φονεύ-</em></span> 
     </span>
     <span class='ocr_line' id='line_1_11' title="bbox 42 1027 1798 1095; baseline -0.002 -13"><span class='ocrx_word' id='word_1_76' title='bbox 42 1050 86 1082; x_wconf 86' lang='lat'><em>10</em></span> <span class='ocrx_word' id='word_1_77' title='bbox 111 1044 236 1082; x_wconf 92' lang='grc' dir='ltr'><em>ουσι</em></span> <span class='ocrx_word' id='word_1_78' title='bbox 276 1038 391 1091; x_wconf 86' lang='grc' dir='ltr'><em>τοῖς</em></span> <span class='ocrx_word' id='word_1_79' title='bbox 430 1037 780 1091; x_wconf 80' lang='grc' dir='ltr'><em>στασιασταῖς</em></span> <span class='ocrx_word' id='word_1_80' title='bbox 812 1027 1030 1090; x_wconf 81' lang='grc' dir='ltr'><em>ἑκόντες</em></span> <span class='ocrx_word' id='word_1_81' title='bbox 1071 1027 1375 1081; x_wconf 84' lang='grc' dir='ltr'><em>ἐνέπιπτον.</em></span> <span class='ocrx_word' id='word_1_82' title='bbox 1415 1027 1596 1095; x_wconf 81' lang='grc'>&lt;369&gt;</span> <span class='ocrx_word' id='word_1_83' title='bbox 1634 1029 1798 1088; x_wconf 84' lang='grc' dir='ltr'><em>τόπος</em></span> 
     </span>
     <span class='ocr_line' id='line_1_12' title="bbox 106 1113 1798 1186; baseline -0.002 -16"><span class='ocrx_word' id='word_1_84' title='bbox 106 1114 170 1170; x_wconf 83' lang='grc' dir='ltr'><em>τ’·</em></span> <span class='ocrx_word' id='word_1_85' title='bbox 193 1115 280 1170; x_wconf 89' lang='grc' dir='ltr'><em>ἐπὶ</em></span> <span class='ocrx_word' id='word_1_86' title='bbox 325 1124 421 1185; x_wconf 80' lang='grc' dir='ltr'><em>τῆς</em></span> <span class='ocrx_word' id='word_1_87' title='bbox 457 1119 668 1179; x_wconf 88' lang='grc' dir='ltr'><em>πόλεως</em></span> <span class='ocrx_word' id='word_1_88' title='bbox 707 1115 894 1180; x_wconf 85' lang='grc' dir='ltr'><em>οὐδεὶς</em></span> <span class='ocrx_word' id='word_1_89' title='bbox 931 1118 1140 1186; x_wconf 90' lang='grc' dir='ltr'><em>γυμνὸς</em></span> <span class='ocrx_word' id='word_1_90' title='bbox 1178 1113 1274 1185; x_wconf 78' lang='grc' dir='ltr'><em>ἦν,</em></span> <span class='ocrx_word' id='word_1_91' title='bbox 1315 1115 1453 1169; x_wconf 80' lang='grc' dir='ltr'><em>ἀλλὰ</em></span> <span class='ocrx_word' id='word_1_92' title='bbox 1491 1123 1595 1178; x_wconf 86' lang='grc' dir='ltr'><em>πᾶς</em></span> <span class='ocrx_word' id='word_1_93' title='bbox 1635 1119 1798 1184; x_wconf 89' lang='grc' dir='ltr'><em>λιμοῦ</em></span> 
     </span>
     <span class='ocr_line' id='line_1_13' title="bbox 104 1202 861 1274; baseline -0.001 -15"><span class='ocrx_word' id='word_1_94' title='bbox 104 1202 306 1273; x_wconf 88' lang='grc' dir='ltr'><em>νεκρὸν</em></span> <span class='ocrx_word' id='word_1_95' title='bbox 345 1202 492 1274; x_wconf 81' lang='grc' dir='ltr'><em>εἶχεν</em></span> <span class='ocrx_word' id='word_1_96' title='bbox 531 1205 565 1274; x_wconf 80' lang='grc' dir='ltr'><em>ἢ</em></span> <span class='ocrx_word' id='word_1_97' title='bbox 606 1205 861 1267; x_wconf 88' lang='grc' dir='ltr'><em>στάσεως.</em></span> 
     </span>
     <span class='ocr_line' id='line_1_14' title="bbox 216 1290 1857 1363; baseline 0 -17"><span class='ocrx_word' id='word_1_98' title='bbox 216 1295 397 1363; x_wconf 83' lang='grc'>&lt;370&gt;</span> <span class='ocrx_word' id='word_1_99' title='bbox 436 1296 643 1347; x_wconf 81' lang='grc' dir='ltr'><em>ἔθαλπε</em></span> <span class='ocrx_word' id='word_1_100' title='bbox 691 1290 752 1346; x_wconf 75' lang='grc' dir='ltr'><em>δὲ</em></span> <span class='ocrx_word' id='word_1_101' title='bbox 799 1295 929 1356; x_wconf 91' lang='grc' dir='ltr'><em>τούς</em></span> <span class='ocrx_word' id='word_1_102' title='bbox 977 1313 1035 1346; x_wconf 90' lang='grc' dir='ltr'><em>τε</em></span> <span class='ocrx_word' id='word_1_103' title='bbox 1085 1294 1396 1361; x_wconf 87' lang='grc' dir='ltr'><em>τυράννους</em></span> <span class='ocrx_word' id='word_1_104' title='bbox 1445 1291 1536 1345; x_wconf 82' lang='grc' dir='ltr'><em>καὶ</em></span> <span class='ocrx_word' id='word_1_105' title='bbox 1583 1294 1644 1346; x_wconf 90' lang='grc' dir='ltr'><em>τὸ</em></span> <span class='ocrx_word' id='word_1_106' title='bbox 1693 1295 1798 1345; x_wconf 90' lang='grc' dir='ltr'><em>σὺν</em></span> <span class='ocrx_word' id='word_1_107' title='bbox 1830 1308 1857 1346; x_wconf 88' lang='grc'><strong>3</strong></span> 
     </span>
     <span class='ocr_line' id='line_1_15' title="bbox 105 1380 1797 1454; baseline -0.001 -19"><span class='ocrx_word' id='word_1_108' title='bbox 105 1383 292 1446; x_wconf 86' lang='grc' dir='ltr'><em>αὐτοῖς</em></span> <span class='ocrx_word' id='word_1_109' title='bbox 338 1385 633 1454; x_wconf 79' lang='grc' dir='ltr'><em>λῃστρικὸν</em></span> <span class='ocrx_word' id='word_1_110' title='bbox 682 1380 833 1444; x_wconf 85' lang='grc' dir='ltr'><em>ἐλπὶς</em></span> <span class='ocrx_word' id='word_1_111' title='bbox 885 1382 1081 1451; x_wconf 83' lang='grc' dir='ltr'><em>ἐσχάτη</em></span> <span class='ocrx_word' id='word_1_112' title='bbox 1131 1380 1256 1451; x_wconf 87' lang='grc' dir='ltr'><em>περὶ</em></span> <span class='ocrx_word' id='word_1_113' title='bbox 1309 1391 1422 1434; x_wconf 85' lang='grc' dir='ltr'><em>τῶν</em></span> <span class='ocrx_word' id='word_1_114' title='bbox 1477 1382 1797 1450; x_wconf 79' lang='grc' dir='ltr'><em>ὑπονόμων,</em></span> 
     </span>
     <span class='ocr_line' id='line_1_16' title="bbox 39 1470 1796 1539; baseline -0.001 -16"><span class='ocrx_word' id='word_1_115' title='bbox 39 1491 80 1523; x_wconf 79' lang='lat'><em>15</em></span> <span class='ocrx_word' id='word_1_116' title='bbox 105 1473 183 1534; x_wconf 83' lang='grc' dir='ltr'><em>είς</em></span> <span class='ocrx_word' id='word_1_117' title='bbox 207 1472 304 1534; x_wconf 85' lang='grc' dir='ltr'><em>οὓς</em></span> <span class='ocrx_word' id='word_1_118' title='bbox 327 1472 768 1539; x_wconf 78' lang='grc' dir='ltr'><em>καταφεύγοντες</em></span> <span class='ocrx_word' id='word_1_119' title='bbox 799 1471 867 1524; x_wconf 87' lang='grc' dir='ltr'><em>οὐ</em></span> <span class='ocrx_word' id='word_1_120' title='bbox 899 1472 1255 1539; x_wconf 81' lang='grc' dir='ltr'><em>προσεδόκων</em></span> <span class='ocrx_word' id='word_1_121' title='bbox 1291 1470 1796 1539; x_wconf 82' lang='grc' dir='ltr'><em>ἐρευνηθήσεσθαι·</em></span> 
     </span>
     <span class='ocr_line' id='line_1_17' title="bbox 103 1557 1799 1628; baseline -0.001 -16"><span class='ocrx_word' id='word_1_122' title='bbox 103 1561 237 1628; x_wconf 79' lang='grc' dir='ltr'><em>μετὰ</em></span> <span class='ocrx_word' id='word_1_123' title='bbox 271 1557 332 1612; x_wconf 75' lang='grc' dir='ltr'><em>δὲ</em></span> <span class='ocrx_word' id='word_1_124' title='bbox 362 1561 466 1628; x_wconf 85' lang='grc' dir='ltr'><em>τὴν</em></span> <span class='ocrx_word' id='word_1_125' title='bbox 496 1563 736 1627; x_wconf 84' lang='grc' dir='ltr'><em>παντελῆ</em></span> <span class='ocrx_word' id='word_1_126' title='bbox 771 1567 865 1627; x_wconf 80' lang='grc' dir='ltr'><em>τῆς</em></span> <span class='ocrx_word' id='word_1_127' title='bbox 896 1562 1107 1622; x_wconf 88' lang='grc' dir='ltr'><em>πόλεως</em></span> <span class='ocrx_word' id='word_1_128' title='bbox 1138 1560 1346 1612; x_wconf 78' lang='grc' dir='ltr'><em>ἅλωσιν</em></span> <span class='ocrx_word' id='word_1_129' title='bbox 1386 1558 1799 1622; x_wconf 81' lang='grc' dir='ltr'><em>ἀναζευξάντων</em></span> 
     </span>
     <span class='ocr_line' id='line_1_18' title="bbox 101 1647 1798 1718; baseline -0.001 -17"><span class='ocrx_word' id='word_1_130' title='bbox 101 1657 214 1701; x_wconf 82' lang='grc' dir='ltr'><em>τῶν</em></span> <span class='ocrx_word' id='word_1_131' title='bbox 255 1647 534 1717; x_wconf 89' lang='grc' dir='ltr'><em>Ῥωμαίων</em></span> <span class='ocrx_word' id='word_1_132' title='bbox 580 1650 953 1718; x_wconf 82' lang='grc' dir='ltr'><em>προελθόντες</em></span> <span class='ocrx_word' id='word_1_133' title='bbox 1000 1648 1417 1717; x_wconf 79' lang='grc' dir='ltr'><em>ἀποδράσεσθαι</em></span> <span class='ocrx_word' id='word_1_134' title='bbox 1462 1647 1798 1716; x_wconf 85' lang='grc' dir='ltr'><em>ἐπεχείρουν.</em></span> 
     </span>
     <span class='ocr_line' id='line_1_19' title="bbox 101 1732 1799 1806; baseline 0 -17"><span class='ocrx_word' id='word_1_135' title='bbox 101 1737 280 1805; x_wconf 77' lang='grc'>&lt;371&gt;</span> <span class='ocrx_word' id='word_1_136' title='bbox 312 1739 373 1791; x_wconf 91' lang='grc' dir='ltr'><em>τὸ</em></span> <span class='ocrx_word' id='word_1_137' title='bbox 407 1735 457 1790; x_wconf 86' lang='grc' dir='ltr'><em>δ’</em></span> <span class='ocrx_word' id='word_1_138' title='bbox 497 1733 567 1806; x_wconf 76' lang='grc' dir='ltr'><em>ἦν</em></span> <span class='ocrx_word' id='word_1_139' title='bbox 606 1732 693 1806; x_wconf 79' lang='grc' dir='ltr'><em>ἄρ’</em></span> <span class='ocrx_word' id='word_1_140' title='bbox 733 1737 949 1804; x_wconf 83' lang='grc' dir='ltr'><em>ὄνειρος</em></span> <span class='ocrx_word' id='word_1_141' title='bbox 980 1736 1190 1799; x_wconf 84' lang='grc' dir='ltr'><em>αὐτοῖς·</em></span> <span class='ocrx_word' id='word_1_142' title='bbox 1233 1738 1359 1790; x_wconf 79' lang='grc' dir='ltr'><em>οὔτε</em></span> <span class='ocrx_word' id='word_1_143' title='bbox 1392 1739 1496 1805; x_wconf 77' lang='grc' dir='ltr'><em>γὰρ</em></span> <span class='ocrx_word' id='word_1_144' title='bbox 1529 1739 1627 1790; x_wconf 90' lang='grc' dir='ltr'><em>τὸν</em></span> <span class='ocrx_word' id='word_1_145' title='bbox 1658 1738 1799 1790; x_wconf 92' lang='grc' dir='ltr'><em>θεὸν</em></span> 
     </span>
     <span class='ocr_line' id='line_1_20' title="bbox 102 1824 1798 1895; baseline 0 -17"><span class='ocrx_word' id='word_1_146' title='bbox 102 1827 229 1878; x_wconf 80' lang='grc' dir='ltr'><em>οὔτε</em></span> <span class='ocrx_word' id='word_1_147' title='bbox 270 1824 571 1895; x_wconf 87' lang='grc' dir='ltr'><em>Ῥωμαίους</em></span> <span class='ocrx_word' id='word_1_148' title='bbox 615 1827 806 1894; x_wconf 87' lang='grc' dir='ltr'><em>λήσειν</em></span> <span class='ocrx_word' id='word_1_149' title='bbox 854 1829 1099 1894; x_wconf 85' lang='grc' dir='ltr'><em>ἔμελλον.</em></span> <span class='ocrx_word' id='word_1_150' title='bbox 1177 1826 1357 1895; x_wconf 82' lang='grc'>&lt;372&gt;</span> <span class='ocrx_word' id='word_1_151' title='bbox 1396 1825 1698 1894; x_wconf 87' lang='grc' dir='ltr'><em>τηνικαῦτά</em></span> <span class='ocrx_word' id='word_1_152' title='bbox 1736 1845 1798 1893; x_wconf 92' lang='grc' dir='ltr'><em>γε</em></span> 
     </span>
     <span class='ocr_line' id='line_1_21' title="bbox 11 1912 1799 1983; baseline -0.001 -15"><span class='ocrx_word' id='word_1_153' title='bbox 11 1936 78 1968; x_wconf 74' lang='lat'><em>‘20</em></span> <span class='ocrx_word' id='word_1_154' title='bbox 101 1915 211 1982; x_wconf 87' lang='grc' dir='ltr'><em>μὴν</em></span> <span class='ocrx_word' id='word_1_155' title='bbox 251 1924 367 1977; x_wconf 90' lang='grc' dir='ltr'><em>τοῖς</em></span> <span class='ocrx_word' id='word_1_156' title='bbox 405 1914 689 1983; x_wconf 82' lang='grc' dir='ltr'><em>ὑπογείοις</em></span> <span class='ocrx_word' id='word_1_157' title='bbox 726 1916 1056 1978; x_wconf 87' lang='grc' dir='ltr'><em>πεποιθότες</em></span> <span class='ocrx_word' id='word_1_158' title='bbox 1090 1913 1246 1968; x_wconf 84' lang='grc' dir='ltr'><em>αὐτοὶ</em></span> <span class='ocrx_word' id='word_1_159' title='bbox 1279 1917 1509 1967; x_wconf 88' lang='grc' dir='ltr'><em>πλείονα</em></span> <span class='ocrx_word' id='word_1_160' title='bbox 1540 1924 1651 1967; x_wconf 83' lang='grc' dir='ltr'><em>τῶν</em></span> <span class='ocrx_word' id='word_1_161' title='bbox 1676 1912 1799 1966; x_wconf 91' lang='grc' dir='ltr'><em>Ῥω-</em></span> 
     </span>
     <span class='ocr_line' id='line_1_22' title="bbox 101 2001 1800 2074; baseline 0 -19"><span class='ocrx_word' id='word_1_162' title='bbox 101 2007 280 2071; x_wconf 91' lang='grc' dir='ltr'><em>μαίων</em></span> <span class='ocrx_word' id='word_1_163' title='bbox 321 2002 762 2074; x_wconf 88' lang='grc' dir='ltr'><em>ἐνεπίμπρασαν,</em></span> <span class='ocrx_word' id='word_1_164' title='bbox 809 2002 900 2056; x_wconf 83' lang='grc' dir='ltr'><em>καὶ</em></span> <span class='ocrx_word' id='word_1_165' title='bbox 936 2006 1066 2067; x_wconf 91' lang='grc' dir='ltr'><em>τοὺς</em></span> <span class='ocrx_word' id='word_1_166' title='bbox 1105 2003 1165 2056; x_wconf 91' lang='grc' dir='ltr'><em>ἐκ</em></span> <span class='ocrx_word' id='word_1_167' title='bbox 1204 2013 1315 2057; x_wconf 85' lang='grc' dir='ltr'><em>τῶν</em></span> <span class='ocrx_word' id='word_1_168' title='bbox 1354 2001 1666 2072; x_wconf 87' lang='grc' dir='ltr'><em>καιομένων</em></span> <span class='ocrx_word' id='word_1_169' title='bbox 1705 2022 1800 2055; x_wconf 92' lang='grc' dir='ltr'><em>κα-</em></span> 
     </span>
     <span class='ocr_line' id='line_1_23' title="bbox 100 2089 1799 2162; baseline -0.001 -18"><span class='ocrx_word' id='word_1_170' title='bbox 100 2093 477 2160; x_wconf 88' lang='grc' dir='ltr'><em>ταφεύγοντας</em></span> <span class='ocrx_word' id='word_1_171' title='bbox 523 2095 602 2155; x_wconf 87' lang='grc' dir='ltr'><em>είς</em></span> <span class='ocrx_word' id='word_1_172' title='bbox 639 2093 736 2155; x_wconf 81' lang='grc' dir='ltr'><em>τὰς</em></span> <span class='ocrx_word' id='word_1_173' title='bbox 775 2094 1053 2162; x_wconf 85' lang='grc' dir='ltr'><em>διώρυχας</em></span> <span class='ocrx_word' id='word_1_174' title='bbox 1096 2095 1342 2146; x_wconf 85' lang='grc' dir='ltr'><em>ἔκτεινόν</em></span> <span class='ocrx_word' id='word_1_175' title='bbox 1379 2090 1423 2145; x_wconf 87' lang='grc' dir='ltr'><em>τ’</em></span> <span class='ocrx_word' id='word_1_176' title='bbox 1465 2090 1670 2159; x_wconf 89' lang='grc' dir='ltr'><em>ἀνέδην</em></span> <span class='ocrx_word' id='word_1_177' title='bbox 1708 2089 1799 2144; x_wconf 85' lang='grc' dir='ltr'><em>καὶ</em></span> 
     </span>
     <span class='ocr_line' id='line_1_24' title="bbox 101 2179 1801 2250; baseline -0.001 -18"><span class='ocrx_word' id='word_1_178' title='bbox 101 2179 351 2249; x_wconf 87' lang='grc' dir='ltr'><em>ἐσύλων,</em></span> <span class='ocrx_word' id='word_1_179' title='bbox 419 2179 511 2234; x_wconf 87' lang='grc' dir='ltr'><em>καὶ</em></span> <span class='ocrx_word' id='word_1_180' title='bbox 572 2187 630 2234; x_wconf 78' lang='grc' dir='ltr'><em>εἴ</em></span> <span class='ocrx_word' id='word_1_181' title='bbox 683 2201 836 2244; x_wconf 91' lang='grc' dir='ltr'><em>τινος</em></span> <span class='ocrx_word' id='word_1_182' title='bbox 896 2181 1118 2249; x_wconf 79' lang='grc' dir='ltr'><em>εὕροιεν</em></span> <span class='ocrx_word' id='word_1_183' title='bbox 1187 2182 1406 2250; x_wconf 86' lang='grc' dir='ltr'><em>τροφὴν</em></span> <span class='ocrx_word' id='word_1_184' title='bbox 1469 2179 1801 2250; x_wconf 81' lang='grc' dir='ltr'><em>ἁρπάζοντες</em></span> 
     </span>
     <span class='ocr_line' id='line_1_25' title="bbox 101 2266 1800 2339; baseline 0.001 -19"><span class='ocrx_word' id='word_1_185' title='bbox 101 2269 286 2336; x_wconf 83' lang='grc' dir='ltr'><em>αἵματι</em></span> <span class='ocrx_word' id='word_1_186' title='bbox 326 2269 688 2339; x_wconf 87' lang='grc' dir='ltr'><em>πεφυρμένην</em></span> <span class='ocrx_word' id='word_1_187' title='bbox 727 2268 1038 2323; x_wconf 90' lang='grc' dir='ltr'><em>κατέπινον.</em></span> <span class='ocrx_word' id='word_1_188' title='bbox 1099 2269 1280 2338; x_wconf 82' lang='grc'>&lt;373&gt;</span> <span class='ocrx_word' id='word_1_189' title='bbox 1319 2266 1390 2338; x_wconf 78' lang='grc' dir='ltr'><em>ἧν</em></span> <span class='ocrx_word' id='word_1_190' title='bbox 1431 2267 1492 2322; x_wconf 76' lang='grc' dir='ltr'><em>δὲ</em></span> <span class='ocrx_word' id='word_1_191' title='bbox 1531 2267 1623 2321; x_wconf 85' lang='grc' dir='ltr'><em>καὶ</em></span> <span class='ocrx_word' id='word_1_192' title='bbox 1662 2271 1800 2338; x_wconf 81' lang='grc' dir='ltr'><em>πρὸς</em></span> 
     </span>
     <span class='ocr_line' id='line_1_26' title="bbox 35 2356 1800 2427; baseline 0 -17"><span class='ocrx_word' id='word_1_193' title='bbox 35 2377 78 2410; x_wconf 80' lang='lat'><em>25</em></span> <span class='ocrx_word' id='word_1_194' title='bbox 102 2356 377 2425; x_wconf 85' lang='grc' dir='ltr'><em>ἀλλήλους</em></span> <span class='ocrx_word' id='word_1_195' title='bbox 427 2357 499 2422; x_wconf 58' lang='grc' dir='ltr'><em>ἐν</em></span> <span class='ocrx_word' id='word_1_196' title='bbox 533 2367 654 2420; x_wconf 90' lang='grc' dir='ltr'><em>ταῖς</em></span> <span class='ocrx_word' id='word_1_197' title='bbox 701 2356 972 2427; x_wconf 78' lang='grc' dir='ltr'><em>ἁρπαγαῖς</em></span> <span class='ocrx_word' id='word_1_198' title='bbox 1017 2359 1123 2427; x_wconf 76' lang='grc' dir='ltr'><em>ἤδη</em></span> <span class='ocrx_word' id='word_1_199' title='bbox 1150 2360 1411 2425; x_wconf 86' lang='grc' dir='ltr'><em>,πόλεμος</em></span> <span class='ocrx_word' id='word_1_200' title='bbox 1449 2357 1660 2426; x_wconf 84' lang='grc' dir='ltr'><em>αὐτοῖς,</em></span> <span class='ocrx_word' id='word_1_201' title='bbox 1708 2358 1800 2410; x_wconf 90' lang='grc' dir='ltr'><em>δο-</em></span> 
     </span>
     <span class='ocr_line' id='line_1_27' title="bbox 99 2443 1791 2516; baseline 0 -18"><span class='ocrx_word' id='word_1_202' title='bbox 99 2454 262 2499; x_wconf 90' lang='grc' dir='ltr'><em>κοῦσι</em></span> <span class='ocrx_word' id='word_1_203' title='bbox 302 2443 353 2498; x_wconf 84' lang='grc' dir='ltr'><em>δ’</em></span> <span class='ocrx_word' id='word_1_204' title='bbox 393 2446 463 2498; x_wconf 75' lang='grc' dir='ltr'><em>ἄν</em></span> <span class='ocrx_word' id='word_1_205' title='bbox 503 2465 598 2515; x_wconf 94' lang='grc' dir='ltr'><em>μοι</em></span> <span class='ocrx_word' id='word_1_206' title='bbox 638 2447 712 2515; x_wconf 86' lang='grc' dir='ltr'><em>μὴ</em></span> <span class='ocrx_word' id='word_1_207' title='bbox 753 2445 1108 2516; x_wconf 86' lang='grc' dir='ltr'><em>φθασθέντες</em></span> <span class='ocrx_word' id='word_1_208' title='bbox 1145 2447 1254 2501; x_wconf 86' lang='grc' dir='ltr'><em>ὑπὸ</em></span> <span class='ocrx_word' id='word_1_209' title='bbox 1294 2454 1389 2515; x_wconf 84' lang='grc' dir='ltr'><em>τῆς</em></span> <span class='ocrx_word' id='word_1_210' title='bbox 1427 2445 1682 2508; x_wconf 81' lang='grc' dir='ltr'><em>ἁλώσεως</em></span> <span class='ocrx_word' id='word_1_211' title='bbox 1721 2443 1791 2499; x_wconf 90' lang='grc' dir='ltr'><em>δι’</em></span> 
     </span>
     <span class='ocr_line' id='line_1_28' title="bbox 100 2534 1644 2604; baseline 0 -18"><span class='ocrx_word' id='word_1_212' title='bbox 100 2534 419 2602; x_wconf 84' lang='grc' dir='ltr'><em>ὑπερβολὴν</em></span> <span class='ocrx_word' id='word_1_213' title='bbox 459 2535 738 2603; x_wconf 87' lang='grc' dir='ltr'><em>ὠμότητος</em></span> <span class='ocrx_word' id='word_1_214' title='bbox 781 2536 1094 2603; x_wconf 89' lang='grc' dir='ltr'><em>γεύσασθαι</em></span> <span class='ocrx_word' id='word_1_215' title='bbox 1132 2534 1224 2588; x_wconf 86' lang='grc' dir='ltr'><em>καὶ</em></span> <span class='ocrx_word' id='word_1_216' title='bbox 1263 2545 1375 2588; x_wconf 84' lang='grc' dir='ltr'><em>τῶν</em></span> <span class='ocrx_word' id='word_1_217' title='bbox 1414 2544 1644 2604; x_wconf 86' lang='grc' dir='ltr'><em>νεκρῶν.</em></span> 
     </span>
     <span class='ocr_line' id='line_1_29' title="bbox 213 2619 1867 2694; baseline 0.001 -20"><span class='ocrx_word' id='word_1_218' title='bbox 213 2622 394 2692; x_wconf 82' lang='grc'>&lt;374&gt;</span> <span class='ocrx_word' id='word_1_219' title='bbox 433 2625 651 2693; x_wconf 84' lang='grc' dir='ltr'><em>Καῖσαρ</em></span> <span class='ocrx_word' id='word_1_220' title='bbox 705 2619 787 2692; x_wconf 84' lang='grc' dir='ltr'><em>δ’,</em></span> <span class='ocrx_word' id='word_1_221' title='bbox 835 2624 910 2687; x_wconf 82' lang='grc' dir='ltr'><em>ὡς</em></span> <span class='ocrx_word' id='word_1_222' title='bbox 959 2623 1247 2694; x_wconf 86' lang='grc' dir='ltr'><em>ἀμήχανον</em></span> <span class='ocrx_word' id='word_1_223' title='bbox 1297 2619 1368 2692; x_wconf 81' lang='grc' dir='ltr'><em>ἦν</em></span> <span class='ocrx_word' id='word_1_224' title='bbox 1420 2622 1624 2687; x_wconf 85' lang='grc' dir='ltr'><em>ἐξελεῖν</em></span> <span class='ocrx_word' id='word_1_225' title='bbox 1675 2625 1802 2693; x_wconf 85' lang='grc' dir='ltr'><em>δίχα</em></span> <span class='ocrx_word' id='word_1_226' title='bbox 1834 2624 1867 2676; x_wconf 88' lang='grc'>8</span> 
     </span>
     <span class='ocr_line' id='line_1_30' title="bbox 99 2708 1802 2782; baseline 0 -18"><span class='ocrx_word' id='word_1_227' title='bbox 99 2712 369 2780; x_wconf 83' lang='grc' dir='ltr'><em>χωμάτων</em></span> <span class='ocrx_word' id='word_1_228' title='bbox 406 2712 509 2780; x_wconf 82' lang='grc' dir='ltr'><em>τὴν</em></span> <span class='ocrx_word' id='word_1_229' title='bbox 548 2713 664 2765; x_wconf 79' lang='grc' dir='ltr'><em>ἄνω</em></span> <span class='ocrx_word' id='word_1_230' title='bbox 696 2714 863 2766; x_wconf 89' lang='grc' dir='ltr'><em>πόλιν</em></span> <span class='ocrx_word' id='word_1_231' title='bbox 894 2716 1274 2782; x_wconf 86' lang='grc' dir='ltr'><em>περίκρημνον</em></span> <span class='ocrx_word' id='word_1_232' title='bbox 1306 2708 1508 2778; x_wconf 80' lang='grc' dir='ltr'><em>οὖσαν,</em></span> <span class='ocrx_word' id='word_1_233' title='bbox 1552 2710 1802 2780; x_wconf 89' lang='grc' dir='ltr'><em>διανέμει</em></span> 
     </span>
     <span class='ocr_line' id='line_1_31' title="bbox 31 2799 1802 2871; baseline 0 -18"><span class='ocrx_word' id='word_1_234' title='bbox 31 2809 236 2869; x_wconf 27' lang='grc' dir='ltr'><em>εοτοῖς,</em></span> <span class='ocrx_word' id='word_1_235' title='bbox 262 2802 444 2868; x_wconf 84' lang='grc' dir='ltr'><em>ἔργοις</em></span> <span class='ocrx_word' id='word_1_236' title='bbox 489 2802 592 2870; x_wconf 86' lang='grc' dir='ltr'><em>τὴν</em></span> <span class='ocrx_word' id='word_1_237' title='bbox 640 2802 881 2869; x_wconf 89' lang='grc' dir='ltr'><em>δύναμιν</em></span> <span class='ocrx_word' id='word_1_238' title='bbox 928 2803 1098 2856; x_wconf 83' lang='grc' dir='ltr'><em>Λώου</em></span> <span class='ocrx_word' id='word_1_239' title='bbox 1138 2803 1311 2871; x_wconf 87' lang='grc' dir='ltr'><em>μηνὸς</em></span> <span class='ocrx_word' id='word_1_240' title='bbox 1350 2801 1544 2854; x_wconf 83' lang='grc' dir='ltr'><em>εἰκάδι.</em></span> <span class='ocrx_word' id='word_1_241' title='bbox 1620 2799 1802 2869; x_wconf 81' lang='grc'>&lt;375&gt;</span> 
     </span>
     <span class='ocr_line' id='line_1_32' title="bbox 99 2885 1800 2959; baseline 0 -19"><span class='ocrx_word' id='word_1_242' title='bbox 99 2889 308 2957; x_wconf 89' lang='grc' dir='ltr'><em>χαλεπὴ</em></span> <span class='ocrx_word' id='word_1_243' title='bbox 350 2886 399 2941; x_wconf 84' lang='grc' dir='ltr'><em>δ’</em></span> <span class='ocrx_word' id='word_1_244' title='bbox 447 2885 519 2958; x_wconf 78' lang='grc' dir='ltr'><em>ἦν</em></span> <span class='ocrx_word' id='word_1_245' title='bbox 564 2897 661 2958; x_wconf 81' lang='grc' dir='ltr'><em>τῆς</em></span> <span class='ocrx_word' id='word_1_246' title='bbox 698 2890 835 2958; x_wconf 81' lang='grc' dir='ltr'><em>ὕλης</em></span> <span class='ocrx_word' id='word_1_247' title='bbox 873 2890 906 2959; x_wconf 78' lang='grc' dir='ltr'>ἡ</span> <span class='ocrx_word' id='word_1_248' title='bbox 947 2891 1173 2959; x_wconf 87' lang='grc' dir='ltr'><em>κομιδή,</em></span> <span class='ocrx_word' id='word_1_249' title='bbox 1223 2890 1476 2957; x_wconf 82' lang='grc' dir='ltr'><em>πάντων,</em></span> <span class='ocrx_word' id='word_1_250' title='bbox 1525 2889 1599 2951; x_wconf 80' lang='grc' dir='ltr'><em>ὡς</em></span> <span class='ocrx_word' id='word_1_251' title='bbox 1639 2891 1800 2958; x_wconf 86' lang='grc' dir='ltr'><em>ἔφην,</em></span> 
     </span>
    </p>
   </div>
  </div>
 </body>
</html>
