2032 3128
151 256 175 293 2

210 106 242 158 8
639 106 765 147 TOT
796 105 1136 147 ΙΟΤΔΑΙΚΟΤ
1165 106 1472 148 ΠΟΛΕΜΟΥ

322 238 466 308 <54>
503 238 604 301 ἕως
643 235 744 307 μὲν
783 235 886 292 οὖν
926 240 1126 308 ὄρθιον
1168 238 1420 302 ἱππάζετο
1459 240 1560 307 τὴν
1599 240 1884 307 λεωφόρον

208 330 636 382 κατατείνουσαν
667 329 803 394 πρὸς
833 329 893 380 τὸ
925 336 1117 396 τεῖχος,
1157 324 1340 389 οὐδεὶς
1369 330 1742 396 προυφαίνετο
1775 335 1886 380 τῶν

209 420 423 468 πυλῶν·
465 414 608 483 <55>
649 413 765 467 ἐπεὶ
805 409 855 467 δ’
902 414 960 467 ἐκ
998 422 1091 482 τῆς
1130 413 1267 467 ὁδοῦ
1306 416 1441 484 πρὸς
1479 417 1577 468 τὸν
1626 417 1885 485 Ψήφινον

210 505 425 573 πύργον
476 503 775 566 ἀποκλίνας
823 503 1058 570 πλάγιον
1107 498 1205 570 ἦγε
1253 504 1314 556 τὸ
1361 511 1472 555 τῶν
1521 502 1728 555 ἱππέων
1776 512 1886 556 στῖ-

210 611 339 660 φος,
386 593 834 661 προπηδήσαντες
881 590 1139 659 ἐξαίφνης
1185 591 1399 661 ἄπειροι
1438 591 1572 643 κατὰ
1611 593 1739 653 τοὺς
1779 593 1887 643 Γυ-
1933 611 1954 643 5

210 683 486 742 ναικείους
532 679 906 749 καλουμένους
951 680 1197 748 πύργους
1247 680 1339 732 διὰ
1377 687 1471 747 τῆς
1510 678 1739 747 ἀντικρὺ
1778 688 1889 732 τῶν

202 767 426 838 Ἑλένης
464 771 745 838 μνημείων
783 770 958 836 πύλης
997 769 1342 820 διεκπαίουσι
1381 775 1473 836 τῆς
1512 768 1701 835 ἵππου,
1744 766 1890 836 <56>

211 856 302 911 καὶ
340 861 470 920 τοὺς
508 854 609 927 μὲν
650 856 727 910 ἔτι
767 858 901 910 κατά
941 858 1041 924 τὴν
1082 856 1216 910 ὁδὸν
1254 854 1491 919 θέοντας
1528 855 1892 925 ἀντιμέτωποι

213 945 434 1008 στάντες
473 945 755 999 ἐκώλυσαν
795 945 1038 1008 συνάψαι
1077 954 1189 1006 τοῖς
1229 943 1527 1013 ἐγκλίνασι,
1565 945 1662 996 τὸν
1703 941 1763 997 δὲ
1804 945 1891 996 Τί-

211 1054 308 1087 τον
363 1033 764 1103 ὑποτέμνονται
820 1036 925 1086 σὺν
980 1033 1202 1102 ὀλίγοις.
1276 1032 1421 1102 <57>
1466 1040 1540 1104 τῷ
1594 1029 1655 1085 δὲ
1703 1034 1892 1102 πρόσω
1917 1053 1961 1086 10

213 1118 313 1190 μὲν
360 1118 429 1190 ἧν
476 1131 675 1192 χωρεῖν
722 1121 999 1175 ἀδύνατον
1051 1115 1467 1192 (ἐκτετάφρευτο
1507 1122 1611 1191 γὰρ
1651 1120 1756 1174 ἀπὸ
1795 1128 1893 1174 τοῦ

212 1212 426 1279 τείχους
471 1208 596 1280 περὶ
641 1210 737 1272 τὰς
781 1213 1007 1278 κηπείας
1051 1210 1290 1277 ἅπαντα,
1338 1212 1539 1279 τοίχοις
1584 1207 1631 1261 τ’
1679 1209 1893 1278 ἐπικαρ-

213 1301 353 1361 σίοις
399 1297 490 1351 καὶ
536 1302 761 1360 πολλοῖς
809 1298 989 1367 ἕρκεσι
1037 1296 1438 1368 διειλημμένα),
1493 1297 1638 1366 <58>
1685 1299 1787 1366 τὴν
1835 1295 1895 1350 δὲ

210 1388 347 1455 πρὸς
384 1388 513 1449 τοὺς
553 1385 850 1456 σφετέρους
896 1385 1219 1455 ἀναδρομὴν
1256 1387 1459 1454 πλήθει
1498 1394 1608 1438 τῶν
1649 1386 1710 1439 ἐν
1748 1384 1894 1459 μέσῳ

211 1478 490 1543 πολεμίων
531 1474 814 1544 ἀμήχανον
855 1472 997 1543 ἑώρα
1035 1472 1125 1526 καὶ
1164 1472 1465 1543 τραπέντας
1496 1476 1626 1536 τοὺς
1657 1473 1762 1527 ἀνά
1792 1475 1894 1543 τὴν
1919 1494 1963 1528 15

212 1567 526 1632 λεωφόρον,
574 1558 653 1616 ὧν
692 1564 750 1616 οἱ
791 1561 988 1616 πολλοὶ
1028 1559 1166 1632 μηδὲ
1214 1564 1614 1630 γιγνώσκοντες
1659 1564 1757 1616 τὸν
1795 1571 1896 1616 τοῦ

211 1650 480 1721 βασιλέως
534 1652 831 1719 κίνδυνον,
889 1650 1006 1705 ἀλλ’
1069 1653 1314 1720 οἰόμενοι
1370 1658 1898 1721 συναναστραφῆναι

212 1739 468 1794 κάκεῖνον
509 1739 837 1809 ἀνέφευγον.
913 1739 1059 1810 <59>
1099 1740 1128 1793 ὃ
1163 1737 1225 1793 δὲ
1263 1741 1503 1793 κατιδὼν
1543 1740 1616 1802 ὡς
1656 1739 1716 1793 ἐν
1756 1741 1897 1809 μόνῃ

211 1837 275 1899 τῇ
315 1827 445 1882 καθ’
491 1829 660 1883 αὑτὸν
700 1829 835 1899 ἀλκῇ
875 1838 1048 1883 κεῖται
1079 1830 1140 1882 τὸ
1175 1831 1465 1897 σώζεσθαι,
1503 1831 1602 1882 τόν
1633 1824 1692 1881 θ’
1730 1829 1898 1882 ἵππον

213 1916 526 1987 ἐπιστρέφει
564 1916 655 1971 καὶ
693 1927 808 1980 τοῖς
845 1916 971 1988 περὶ
1011 1918 1181 1971 αὑτὸν
1223 1917 1495 1987 ἐμβοήσας
1537 1917 1768 1970 ἕπεσθαι
1808 1914 1898 1985 μέ·
1923 1939 1966 1971 20

215 2020 336 2070 σοις
391 2006 605 2078 ἐμπηδᾷ
659 2017 774 2070 τοῖς
833 2010 1149 2077 πολεμίοις,
1213 2008 1526 2060 διεκπαῖσαι
1580 2008 1718 2077 πρὸς
1770 2008 1902 2068 τοὺς

214 2093 514 2165 σφετέρους
553 2098 887 2165 βιαζόμενος.
937 2095 1081 2165 <6Ο>
1122 2097 1261 2148 ἔνθα
1295 2096 1363 2163 δὴ
1396 2095 1628 2164 μάλιστα
1659 2093 1900 2165 παρέστη

215 2203 311 2253 μοι
357 2193 511 2237 νοεῖν
559 2185 643 2237 ὅτι
689 2184 779 2238 καὶ
826 2183 1084 2254 πολέμων
1133 2182 1298 2254 ῥοπαὶ
1337 2182 1428 2236 καὶ
1474 2182 1748 2252 βασιλέων
1787 2184 1903 2235 κίν-

215 2273 377 2326 δυνοι
417 2271 676 2341 μέλονται
714 2281 788 2345 τῷ
829 2279 961 2344 θεῷ.
1033 2274 1177 2341 <61>
1217 2274 1501 2326 τοσούτων
1539 2272 1644 2341 γὰρ
1687 2269 1773 2324 ἐπὶ
1804 2272 1903 2324 τὸν

222 2363 386 2415 Τίτον
426 2359 741 2431 ἀφιεμένων
781 2366 960 2431 βελῶν
1000 2364 1133 2431 μήτε
1164 2362 1366 2431 κράνος
1398 2363 1593 2431 ἔχοντα
1623 2363 1757 2430 μήτε
1788 2361 1902 2412 θώ-
1927 2380 1970 2413 25

214 2470 354 2519 ρακα
408 2448 681 2522 (προῆλθε
735 2451 858 2519 γάρ,
915 2451 989 2514 ὡς
1043 2453 1210 2520 ἔφην,
1264 2450 1331 2503 οὐ
1385 2450 1714 2518 πολεμιστὴς
1764 2447 1903 2520 ἀλλὰ

212 2537 579 2609 κατάσκοπος)
613 2536 781 2592 οὐδὲν
803 2540 982 2608 ἥψατο
1007 2547 1107 2593 τοῦ
1140 2540 1404 2608 σώματος,
1442 2538 1575 2591 κενὰ
1608 2534 1688 2605 δ’,
1721 2538 1903 2605 ὥσπερ

215 2626 466 2697 ἐπίτηδες
511 2627 923 2698 ἀστοχούντων,
970 2630 1378 2699 παρερροιζεῖτο
1418 2627 1609 2680 πάντα.
1686 2625 1832 2694 <62>
1874 2625 1904 2679 ὁ

215 2713 277 2768 δὲ
317 2715 464 2785 ξίφει
501 2718 631 2780 τοὺς
668 2718 804 2770 κατὰ
842 2718 1087 2787 πλευρὰν
1127 2715 1211 2770 ἀεὶ
1252 2713 1604 2784 διαστέλλων,
1643 2713 1734 2768 καὶ
1772 2717 1905 2767 πολ-

215 2806 348 2867 λοὺς
401 2814 512 2857 τῶν
567 2805 1003 2875 ἀντιπροσώπων
1059 2804 1408 2876 ἀνατρέπων,
1469 2805 1711 2872 ἤλαυνεν
1764 2799 1904 2870 ὑπὲρ
1929 2823 1974 2855 30
2031 2846 2032 2849 η

215 2895 343 2955 τοὺς
392 2891 779 2964 ἐρειπομένους
828 2894 925 2947 τὸν
977 2895 1158 2947 ἵππον.
1237 2893 1382 2962 <63>
1428 2900 1539 2945 τῶν
1586 2888 1647 2944 δὲ
1692 2893 1904 2961 κραυγή
