2032 3128
235 80 305 132 48
671 81 796 122 ΤΟΤ
825 80 1166 123 ΙΟΤΔΑΙΚΟΤ
1196 82 1502 124 ΠΟΛΕΜΟΥ

230 212 292 267 δὲ
329 215 431 282 τὴν
461 212 741 282 Ῥωμαίων
775 215 933 284 ἰσχὺν
965 213 1366 283 ἀνυπόστατον,
1404 214 1495 268 καὶ
1519 218 1580 269 τὸ
1621 218 1910 270 δουλεύειν

227 303 443 364 τούτοις
483 301 585 355 οὐκ
632 301 928 370 ἀπείρατον
976 302 1175 365 αὐτοῖς.
1252 302 1435 371 <365>
1481 305 1533 356 εἰ
1568 305 1672 374 γὰρ
1714 305 1782 372 δὴ
1821 303 1911 358 καὶ

227 395 486 458 πολεμεῖν
533 386 671 459 ὑπὲρ
720 389 1039 459 ἐλευθερίας
1076 393 1276 458 καλόν,
1325 399 1522 460 χρῆναι
1567 394 1629 446 τὸ
1669 403 1944 462 πρῶτον·
2000 415 2002 417 ·

226 480 287 531 τὸ
329 476 378 530 δ’
428 477 567 541 ἅπαξ
606 478 984 541 ὑποπεσόντας
1017 477 1108 531 καὶ
1141 489 1368 547 μακροῖς
1405 479 1655 543 εἴξαντας
1692 483 1913 549 χρόνοις
1993 494 2016 560 ,3

227 564 387 619 ἔπειτ’
436 565 795 619 ἀποσείεσθαι
833 568 931 620 τὸν
973 567 1138 634 ζυγὸν
1177 565 1678 636 δυσθανατώντων,
1718 567 1784 622 οὐ
1823 589 1913 637 φι-
1951 561 2019 624 ἐἶ

2011 619 2019 638 ξ

227 653 576 725 λελευθέρων
631 650 790 707 εἶναι.
867 654 1048 722 <366>
1099 656 1219 707 δεῖν
1271 654 1458 724 μέντοι
1510 654 1602 710 καὶ
1650 658 1914 720 δεσπότας
2010 640 2020 745 Ξ

226 742 446 807 ἀδοξεῖν
493 742 935 813 ταπεινοτέρους,
989 743 1090 812 οὐχ
1142 737 1225 806 οἷς
1270 744 1557 814 ὑποχείρια
1607 744 1672 797 τὰ
1718 745 1911 798 πάντα.

224 834 283 883 τί
322 832 428 901 γὰρ
468 829 769 900 Ῥωμαίους
815 831 1264 902 διαπεφευγέναι,
1315 834 1459 901 πλὴν
1506 835 1559 886 εἰ
1602 835 1676 902 μή
1721 853 1773 886 τι
1821 834 1913 886 διὰ

222 921 440 982 θάλπος
471 920 504 989 ἢ
537 921 705 990 κρύος
743 922 1041 990 ἄχρηστονς
1084 921 1268 990 <367>
1307 924 1609 990 μεταβῆναι
1641 922 1745 991 γὰρ
1778 922 1915 991 πρὸς

223 1009 426 1072 αὐτοὺς
464 1009 746 1062 πάντοθεν
784 1011 886 1078 τὴν
925 1011 1116 1079 τύχην,
1153 1007 1244 1062 καὶ
1285 1008 1402 1062 κατ’
1449 1013 1615 1073 ἔθνος
1646 1011 1743 1063 τὸν
1773 1011 1913 1063 θεὸν
1937 1014 2021 1078 10'}

169 1097 625 1194 ,ἐμπεριάγοντα
679 1099 780 1166 τὴν
834 1097 1008 1167 ἀρχὴν
1054 1105 1160 1150 νῦν
1212 1097 1298 1151 ἐπὶ
1344 1106 1440 1167 τῆς
1478 1097 1708 1161 Ἰταλίας
1755 1095 1912 1151 εἶναι·

221 1188 398 1254 νόμον
437 1206 499 1254 γε
546 1188 655 1256 μὴν
703 1187 942 1256 ὡρίσθαι
981 1184 1072 1239 καὶ
1117 1187 1265 1255 παρὰ
1304 1185 1512 1256 θηρσὶν
1554 1188 1914 1257 ἰσχυρότατον

221 1273 314 1327 καὶ
353 1273 482 1345 παρ’
529 1274 870 1345 ἀνθρώποις,
910 1280 1079 1328 εἴκειν
1118 1285 1233 1337 τοῖς
1266 1273 1684 1344 δυνατωτέροις,
1722 1273 1813 1327 καὶ
1851 1275 1912 1328 τὸ
2011 1271 2023 1352 ’3

221 1373 442 1432 κρατεῖν
489 1362 615 1433 παρ’
665 1357 747 1426 οἷς
794 1362 937 1432 ἀκμὴ
985 1373 1097 1416 τῶν
1138 1364 1325 1417 ὅπλων
1365 1360 1524 1416 εἶναι.
1599 1363 1782 1432 <368>
1821 1363 1913 1416 διὰ
2021 1367 2023 1370 ’

221 1460 384 1506 τοῦτο
423 1451 514 1505 καὶ
560 1455 690 1514 τοὺς
734 1455 1047 1521 προγόνους
1085 1452 1292 1522 αὐτῶν,
1342 1455 1486 1506 πολὺ
1523 1451 1614 1505 καὶ
1653 1460 1770 1515 ταῖς
1807 1460 1911 1516 ψυ-
1938 1475 1979 1508 15
2014 1483 2016 1485 v

218 1550 339 1610 χαῖς
377 1540 468 1594 καὶ
508 1551 623 1604 τοῖς
663 1542 895 1610 σώμασι,
934 1543 1012 1595 ἔτι
1046 1539 1108 1595 δὲ
1138 1539 1229 1594 καὶ
1268 1550 1387 1604 ταῖς
1417 1542 1608 1604 ἄλλαις
1640 1541 1914 1610 ἀφορμαῖς
2007 1535 2010 1542 ⁵

220 1629 480 1696 ἀμείνους
527 1631 715 1697 ὄντας,
769 1627 906 1694 εἶξαι
939 1628 1246 1699 Ῥωμαίοις,
1302 1630 1404 1683 οὐκ
1451 1631 1544 1707 ἄν,
1599 1631 1652 1682 εί
1695 1629 1766 1698 μὴ
1813 1630 1912 1682 τὸν

215 1719 357 1771 θεὸν
396 1716 608 1789 ᾔδεσαν
649 1721 755 1772 σὺν
795 1719 1009 1788 αὐτοῖς,
1047 1717 1209 1772 τοῦθ’
1253 1719 1672 1788 ὑπομείναντας.
1729 1718 1910 1786 <369>
2015 1786 2020 1790 ¹

217 1805 418 1868 αὐτοὺς
470 1805 531 1860 δὲ
585 1810 696 1861 τίνι
749 1810 840 1861 καὶ
895 1811 1232 1873 πεποιθότας
1283 1806 1555 1878 ἀντέχειν,
1610 1805 1912 1869 ἑαλωκυίας
2016 1827 2023 1875 3

218 1891 318 1962 μὲν
358 1894 417 1947 ἐκ
456 1899 718 1950 πλείστου
757 1904 851 1965 τῆς
889 1899 1098 1959 πόλεως
1137 1895 1358 1966 μέρους,
1395 1906 1507 1950 τῶν
1548 1894 1595 1949 δ’
1635 1897 1821 1962 ἔνδον,
1862 1895 1914 1947 εἰ
1935 1919 1978 1951 20

217 1981 308 2035 καὶ
347 1984 413 2036 τὰ
451 1988 600 2054 τείχη
639 1985 965 2054 παρέμενεν,
1007 1984 1261 2047 ἁλώσεως
1299 1993 1487 2055 χεῖρον
1521 1982 1910 2052 διακειμένων;

217 2072 399 2140 <370>
446 2073 514 2126 οὐ
563 2074 666 2143 γὰρ
714 2074 1021 2128 λανθάνειν
1053 2072 1352 2143 Ῥωμαίους
1398 2075 1495 2127 τὸν
1543 2072 1604 2126 ἐν
1649 2080 1714 2142 τῇ
1754 2075 1912 2126 πόλει

218 2163 406 2230 λιμόν,
456 2156 498 2234 ᾧ
547 2169 654 2215 νῦν
701 2159 802 2231 μὲν
849 2164 946 2216 τὸν
987 2164 1190 2232 δῆμον,
1242 2161 1354 2232 μετ’
1401 2161 1469 2216 οὐ
1507 2164 1650 2215 πολὺ
1692 2159 1754 2214 δὲ
1794 2163 1912 2214 δια-

213 2251 609 2319 φθαρήσεσθαι
662 2249 754 2304 καὶ
808 2253 938 2314 τοὺς
983 2255 1270 2321 μαχίμους.
1349 2251 1532 2320 <371>
1583 2252 1634 2303 εἰ
1679 2252 1785 2318 γὰρ
1843 2251 1911 2318 δὴ

210 2335 301 2390 καὶ
351 2339 658 2392 παύσαιντο
706 2338 961 2409 Ῥωμαῖοι
1007 2348 1103 2408 τῆς
1148 2343 1497 2409 πολιορκίας,
1553 2334 1685 2408 μηδ’
1731 2337 1909 2391 ἐπεισ-
1934 2360 1977 2394 25

207 2429 461 2480 πίπτοιεν
514 2434 579 2497 τῇ
626 2430 783 2481 πόλει
839 2429 1110 2500 ξιφήρεις,
1177 2429 1365 2492 αὐτοῖς
1417 2448 1481 2497 γε
1534 2429 1632 2482 τὸν
1691 2428 1905 2496 ἄμαχον

205 2518 449 2584 πόλεμον
489 2517 655 2570 ἔνδον
693 2524 1130 2588 παρακαθῆσθαι
1169 2515 1298 2570 καθ’
1339 2515 1573 2586 ἑκάστην
1605 2517 1757 2587 ὥραν
1789 2535 1905 2585 τρε-

205 2607 480 2673 φόμενον,
520 2607 571 2659 εἰ
606 2607 679 2675 μὴ
719 2605 812 2659 καὶ
850 2608 987 2677 πρὸς
1025 2609 1124 2661 τὸν
1163 2607 1326 2675 λιμὸν
1367 2601 1495 2675 ἆραι
1534 2605 1600 2657 τὰ
1632 2604 1775 2658 ὅπλα
1808 2603 1903 2658 καὶ

205 2693 478 2762 μάχεσθαι
528 2695 823 2760 δύνανται,
873 2698 1036 2764 μόνοι
1082 2715 1140 2748 τε
1186 2693 1278 2748 καὶ
1325 2699 1526 2747 παθῶν
1575 2692 1911 2762 ἐπικρατεῖν.

202 2781 387 2851 <372>
425 2786 745 2853 προσετίθει
778 2780 839 2836 δὲ
871 2784 944 2847 ὡς
975 2786 1147 2838 καλὸν
1186 2781 1318 2851 πρὶν
1351 2781 1657 2851 ἀνηκέστου
1691 2796 1899 2851 συμφο-
1928 2804 1972 2836 30

204 2877 303 2938 ρᾶς
341 2870 749 2940 μεταβαλέσθαι
788 2871 879 2925 καὶ
919 2875 1057 2942 πρὸς
1102 2874 1163 2926 τὸ
1217 2875 1525 2941 σωτήριον,
1576 2870 1679 2934 ἕως
1719 2870 1910 2938 ἔξεστι,
