2032 3128
759 86 970 128 ΛΟΓΟΣ
1002 86 1202 128 ΕΚΤΟΣ
1739 84 1770 136 8
1780 84 1807 134 l

133 219 357 287 σίδηρος
401 216 694 286 ὑπηρέτης,
740 228 855 281 πῶς
902 218 1003 272 οὐκ
1050 216 1274 286 ἀγεννὲς
1318 220 1391 287 μὴ
1440 220 1659 272 διδόναι
1695 228 1813 282 ταῖς

131 309 339 375 χρείαις
377 305 406 358 ὃ
446 313 519 378 τῷ
552 306 731 375 χρεὼν
769 306 1154 374 ἀποδώσομεν;
1193 306 1335 375 <5Ο>
1372 305 1465 360 καὶ
1502 314 1672 359 ταῦτα
1710 304 1812 375 μὲν

132 395 205 456 ὡς
243 393 311 447 οὐ
350 393 677 461 δυναμένων
715 399 967 462 σωθῆναι
1009 404 1118 447 τῶν
1166 394 1624 464 ἐπιχειρησόντων
1673 393 1812 457 διεξ-

131 486 333 550 ῆλθον·
396 483 575 534 ἔνεστι
630 478 693 534 δὲ
748 483 1020 546 σώζεσθαι
1074 492 1189 545 τοῖς
1243 481 1652 551 ἀνδριζομένοις
1710 481 1812 535 κάκ

88 593 107 623 5
132 580 242 623 τῶν
281 570 729 639 σφαλερωτάτων.
796 571 941 639 <51>
973 580 1193 638 πρῶτον
1233 567 1333 639 μὲν
1373 571 1477 641 γὰρ
1517 573 1577 624 τὸ
1616 589 1813 637 καταρ-

131 654 338 728 ριφθὲν
370 658 714 726 εὐεπίβατον,
754 661 937 712 ἔπειτα
974 667 1086 712 πᾶν
1124 660 1186 712 τὸ
1227 655 1598 727 οἰκοδομηθὲν
1630 658 1814 712 εὐδιά-

134 750 317 800 λυτον.
371 746 528 815 ὑμεῖς
558 766 614 800 τε
645 750 893 816 πλείους,
931 749 1314 817 θαρρήσαντες
1347 745 1433 800 ἐπὶ
1465 747 1566 815 τὴν
1596 745 1812 815 πρᾶξιν,

132 835 390 902 ἀλλήλοις
441 837 724 905 προτροπὴ
780 834 871 888 καὶ
925 839 1160 905 βοήθεια
1213 839 1506 904 γίγνεσθε,
1559 833 1650 888 καὶ
1702 844 1816 897 τοῖς

130 927 415 992 πολεμίοις
459 925 521 977 τὸ
569 921 835 992 ὑμέτερον
881 924 1208 993 παράστημα
1264 923 1468 993 ταχέως
1515 923 1705 976 κλάσει
1750 924 1815 975 τὰ

66 1033 109 1065 10
131 1014 472 1082 φρονήματα.
550 1013 692 1081 <52>
746 1010 838 1065 καὶ
891 1010 1002 1082 τάχ’
1058 1011 1127 1065 ἂν
1180 1011 1314 1080 ὑμῖν
1369 1011 1707 1080 ἀναίμακτον
1754 1012 1815 1064 τὸ

132 1103 466 1171 κατόρθωμα
490 1099 707 1168 γένοιτο
733 1103 909 1167 μόνον
933 1098 1382 1169 καταρξαμένοις·
1414 1099 1818 1169 ἀναβαίνοντας

130 1186 230 1257 μὲν
278 1190 382 1258 γὰρ
430 1189 669 1242 κωλύειν
714 1189 1071 1258 πειράσονται
1117 1189 1252 1241 κατὰ
1290 1190 1351 1241 τὸ
1393 1190 1564 1256 εἰκός,
1612 1190 1818 1241 λαθόν-

128 1298 224 1340 τας
272 1275 333 1331 δὲ
380 1276 472 1331 καὶ
517 1277 888 1346 βιασαμένους
933 1277 1072 1341 ἅπαξ
1120 1277 1223 1330 οὐκ
1276 1276 1345 1330 ἂν
1386 1277 1682 1330 ὑποσταῖεν
1722 1279 1818 1345 ἔτι,

128 1365 233 1419 κᾶν
273 1366 452 1434 ὀλίγοι
491 1366 759 1435 φθάσητε.
828 1365 976 1435 <53>
1014 1368 1112 1419 τὸν
1152 1363 1214 1418 δὲ
1252 1365 1662 1436 καταρξάμενον
1701 1367 1818 1418 αἰσ-

65 1475 107 1508 15
130 1458 405 1525 χυνοίμην
437 1454 506 1508 ἂν
538 1457 590 1508 εί
619 1457 692 1524 μὴ
724 1457 1013 1524 ποιήσαιμι
1047 1456 1284 1522 ζηλωτὸν
1309 1463 1426 1517 ταῖς
1458 1454 1820 1524 ἐπικαρπίαις,

129 1542 222 1596 καὶ
262 1544 291 1597 ὁ
331 1541 432 1612 μὲν
474 1546 580 1608 ζῶν
627 1542 780 1614 ἄρξει
824 1552 936 1596 τῶν
981 1550 1089 1596 νῦν
1136 1542 1370 1612 ὁμοίων,
1417 1543 1722 1613 μακαριστὰ
1764 1541 1811 1595 δ’

131 1633 506 1699 ἀκολουθήσει
552 1630 645 1684 καὶ
681 1641 797 1695 τοῖς
835 1639 1067 1685 πεσοῦσι
1105 1631 1424 1701 τάριστεῖα.’

241 1722 384 1790 (54)
430 1729 659 1774 τοιαῦτα
705 1728 806 1774 τοῦ
861 1723 1026 1773 Τίτου
1082 1719 1381 1784 διεξιόντος
1427 1723 1489 1774 τὸ
1540 1717 1642 1790 μὲν
1682 1721 1817 1774 ἄλλο

129 1815 345 1878 πλῆθος
391 1810 567 1863 ε”δεισε
619 1818 719 1863 τοῦ
771 1810 1042 1863 κινδύνου
1080 1810 1143 1862 τὸ
1184 1808 1450 1878 μέγεθος,
1505 1819 1616 1862 τῶν
1665 1807 1717 1861 δ’
1762 1808 1822 1862 ἐν

12 1937 18 1942 «
63 1919 107 1950 20
129 1907 247 1961 ταῖς
286 1902 532 1969 σπείραις
572 1897 1027 1968 στρατευομένων
1066 1902 1315 1967 Σαβῖνος
1353 1899 1624 1967 τοῦνομα,
1663 1896 1824 1966 γένος

130 1986 236 2040 ἀπὸ
284 1991 522 2056 Συρίας,
582 1988 723 2056 ἀνὴρ
770 1987 863 2041 καὶ
913 1988 1050 2041 κατὰ
1103 1998 1258 2058 χεῖρα
1311 1986 1402 2041 καὶ
1456 1988 1592 2040 κατὰ
1637 1987 1823 2056 ψυχὴν

129 2076 353 2146 ἄριστος
385 2076 577 2146 ἐφάνη.
631 2075 776 2144 <55>
812 2079 991 2130 καίτοι
1021 2078 1271 2144 προϊδὼν
1297 2077 1366 2129 ἅν
1399 2096 1482 2139 τις
1513 2075 1683 2129 αὐτὸν
1717 2074 1823 2128 ἀπό

130 2184 191 2232 γε
231 2173 326 2233 τῆς
366 2173 678 2234 σωματικῆς
712 2164 873 2230 ἕξεως
904 2163 1024 2219 οὐδ’
1064 2166 1273 2219 εἰκαῖον
1305 2161 1450 2218 εἶναι
1484 2165 1824 2233 στρατιώτην

129 2251 297 2316 ἔδοξε.
350 2252 516 2322 μέλας
547 2251 649 2323 μὲν
679 2255 785 2323 γὰρ
817 2250 888 2322 ἦν
919 2255 1022 2322 τὴν
1053 2256 1244 2324 χρόαν,
1285 2254 1472 2323 ἰσχνὸς
1503 2254 1604 2321 τὴν
1630 2252 1824 2322 σάρκα,

62 2359 108 2393 25
130 2341 522 2410 πεπιλημένος·
563 2341 679 2396 ἀλλ’
720 2341 912 2414 ἐνῴκει
950 2362 1032 2405 τις
1069 2342 1280 2413 ἡρωικὴ
1319 2342 1467 2411 ψυχὴ
1508 2345 1684 2412 λεπτῷ
1719 2341 1824 2393 σώ-

118 2425 260 2498 ματι
299 2428 391 2483 καὶ
436 2434 580 2485 πολὺ
627 2439 723 2500 τῆς
770 2433 915 2493 ι’δίας
953 2429 1120 2499 ἀλκῆς
1158 2428 1530 2498 γενναιοτέρα.
1607 2437 1824 2498 πρῶτος

56 2538 63 2543 ’
131 2526 272 2585 γοῦν
327 2518 567 2583 ἀναστάς
628 2520 774 2588 <56>
831 2519 1158 2588 (ἐπιδίδωμί
1207 2534 1324 2588 σοι,
1385 2516 1663 2587 Καῖσαρ,’
1719 2519 1826 2586 ἔφη

132 2604 457 2676 επροθύμως
487 2607 740 2678 ἐμαυτόν.
779 2618 995 2678 πρῶτος
1025 2606 1309 2677 ἀναβαίνω
1342 2609 1404 2661 τὸ
1436 2616 1626 2676 τεῖχος.
1679 2603 1827 2674 <57>

130 2693 222 2747 καὶ
267 2696 498 2765 εὔχομαι
545 2696 647 2765 μέν
693 2716 803 2765 μου
849 2703 914 2765 τῇ
961 2695 1005 2748 τ’
1054 2697 1203 2765 ἰσχύι
1249 2693 1342 2749 καὶ
1385 2702 1447 2764 τῇ
1488 2695 1681 2764 γνώμῃ
1721 2694 1824 2762 τὴν

63 2804 108 2836 30
132 2770 236 2850 σὴν
284 2783 666 2854 ἀκολουθῆσαι
711 2786 906 2854 τύχην·
970 2787 1021 2837 εἰ
1058 2781 1120 2837 δὲ
1166 2786 1538 2853 νεμεσηθείην
1578 2790 1672 2850 τῆς
1712 2782 1826 2835 ἐπι-

15 2861 22 2865 ,
131 2874 318 2941 βολῆς,
358 2878 480 2927 ἴσθι
520 2893 585 2943 με
626 2875 699 2943 μὴ
740 2877 1045 2927 πταίσαντα
1075 2872 1201 2941 παρ’
1243 2872 1488 2941 ἐλπίδας,
1527 2869 1646 2924 ἀλλ’
1685 2867 1828 2941 ὑπὲρ

222 2967 434 3001 ΙοεΕΡΗσε.
465 2969 532 3001 VI.
1506 2961 1532 3000 6
