2032 3128
709 105 918 146 ΛΟΓΟΣ
957 104 1246 146 ΕΒΔοΜοΣ
1706 99 1812 150 143

131 234 342 290 ἑαυτῶν
388 235 661 299 ἀπωλείας
707 236 1121 307 ἀποχρώμενος,
1170 241 1367 289 θεᾶται
1405 236 1541 288 κατὰ
1578 235 1680 302 τὴν
1716 251 1813 287 πο-

129 327 284 391 ρείαν
337 332 586 392 ποταμοῦ
638 326 811 392 φύσιν
865 323 1025 388 ἀξίαν
1081 325 1460 393 ἱστορηθῆναι.
1538 323 1683 391 <97>
1729 323 1817 392 ῥεῖ

129 408 231 478 μὲν
285 412 389 478 γὰρ
444 409 607 477 μέσος
647 410 898 482 ’Λρκαίας
944 419 1040 480 τῆς
1080 407 1348 480 Ἀγρίππα
1395 415 1676 480 βασιλείας
1724 409 1816 464 καὶ

121 496 473 567 Ῥαφαναίας,
521 499 630 566 ἔχει
671 497 731 550 δὲ
769 500 1100 568 θαυμαστὴν
1142 500 1408 564 ἰδιότητα·
1462 499 1607 564 <98>
1644 501 1818 560 πολὺς

83 587 232 655 5γὰρ
289 586 367 638 ὢν
422 585 510 638 ὅτε
566 585 679 655 ῥεῖ,
731 583 823 638 καὶ
869 586 1004 638 κατὰ
1050 585 1152 652 τὴν
1197 584 1380 654 φορὰν
1427 584 1495 637 οὐ
1546 588 1817 654 σχολαῖος,

127 676 312 726 ἔπειτα
363 670 425 726 δὲ
474 680 580 736 πᾶς
630 672 689 725 ἐκ
738 682 850 726 τῶν
900 682 1093 741 πηγῶν
1145 671 1439 725 ἐπιλείπων
1489 672 1544 736 ἓξ,
1594 672 1816 741 ἡμερῶν

127 761 398 831 ἀριθμόν,
445 761 616 830 ξηρὸν
661 763 1044 830 παραδίδωσιν
1091 760 1230 831 ὁρᾶν
1267 762 1366 813 τὸν
1411 762 1609 829 τόπον,
1670 761 1817 829 <99>

125 846 235 902 εἷθ’
275 850 458 916 ὥσπερ
491 848 754 916 οὐδεμιᾶς
792 847 1092 917 γενομένης
1125 852 1429 918 μεταβολῆς
1460 848 1650 917 ὅμοιος
1679 850 1816 901 κατὰ

125 939 226 1006 τὴν
266 935 510 1006 ἑβδόμην
549 936 822 989 ἐκδίδωσι.
872 935 965 989 καὶ
994 938 1200 1005 ταύτην
1233 935 1316 989 ἀεὶ
1347 937 1448 1005 τὴν
1480 936 1632 1000 τάξιν
1663 935 1816 1005 ἀκρι-

0 1010 1 1028 Ὶ
60 1049 102 1080 10
125 1029 236 1094 βῶς
274 1028 564 1095 τετήρηται
604 1025 1015 1095 διαφυλάττων·
1057 1025 1194 1078 ὅθεν
1234 1026 1302 1094 δὴ
1337 1023 1428 1078 καὶ
1461 1025 1816 1094 Σαββατικὸν

126 1114 296 1168 αὐτὸν
334 1116 682 1182 κεκλήκασιν,
723 1113 829 1167 ἀπὸ
868 1121 963 1182 τῆς
1002 1115 1152 1183 ἱερᾶς
1186 1123 1297 1167 τῶν
1332 1112 1619 1167 Ἰουδαίων
1659 1111 1815 1181 ἐβδό-

123 1223 229 1272 μης
268 1203 443 1265 οὕτως
481 1202 869 1271 ὀνομάσαντες.

235 1291 416 1360 <100>
466 1291 495 1345 ὁ
548 1288 610 1344 δὲ
659 1300 770 1343 τῶν
813 1288 1141 1359 Ἀντιοχέων
1191 1292 1363 1360 δῆμος
1413 1289 1529 1344 ἐπεὶ
1578 1294 1814 1360 πλησίον

125 1381 257 1433 ὄντα
296 1383 462 1433 Τίτον
493 1378 908 1448 ἐπυνθάνοντο,
939 1378 1127 1448 μένειν
1159 1376 1261 1448 μὲν
1295 1379 1450 1442 ἐντὸς
1479 1389 1675 1448 τειχῶν
1707 1379 1814 1433 ὑπὸ

58 1490 99 1522 15
123 1475 293 1538 χαρᾶς
331 1468 431 1538 οὐχ
471 1467 774 1537 ὑπέμενον,
814 1469 1087 1521 ἔσπευδον
1128 1463 1178 1521 δ’
1216 1466 1304 1521 ἐπὶ
1342 1469 1444 1536 τὴν
1486 1468 1815 1537 ὑπάντησιν,

122 1557 305 1626 <101>
351 1555 443 1610 καὶ
497 1557 794 1626 τριάκοντα
849 1558 1090 1609 σταδίων
1141 1555 1230 1610 ἐπὶ
1284 1555 1455 1610 πλέον
1504 1561 1812 1626 προῆλθον,

124 1646 226 1699 οὐκ
257 1647 458 1715 ἄνδρες
488 1647 664 1715 μόνον
694 1645 833 1698 ἀλλὰ
857 1644 946 1698 καὶ
972 1649 1220 1713 γυναίων
1250 1650 1467 1714 πλῆθος
1498 1646 1608 1715 ἅμα
1638 1649 1815 1713 παισί,

121 1742 215 1802 τῆς
252 1737 465 1797 πόλεως
504 1734 835 1805 ἐκχεόμενοι.
911 1734 1093 1803 <102>
1131 1734 1466 1803 κάπειδήπερ
1507 1733 1814 1788 ἐθεάσαντο

120 1825 450 1892 προσιόντα,
502 1824 650 1893 παρὰ
703 1825 806 1890 τὴν
861 1823 996 1877 ὁδὸν
1053 1821 1397 1891 ἑκατέρωθεν
1451 1823 1815 1886 καταστάντες

55 1934 98 1965 20
120 1912 215 1974 τάς
254 1931 312 1965 τε
353 1912 535 1976 δεξιὰς
581 1914 914 1983 προύτεινον
959 1913 1492 1983 προσαγορεύοντες,
1541 1910 1633 1964 καὶ
1678 1931 1814 1965 παν-

121 2004 293 2063 τοιόις
331 2000 736 2071 ἐπιφημίσμασι
773 2002 1050 2071 χρώμενοι
1091 2000 1561 2071 συνυπέστρεφον.
1629 2000 1813 2068 <103>

122 2090 357 2159 συνεχὴς
405 2088 453 2142 δ’
494 2086 564 2159 ἧν
612 2090 797 2143 αὐτῶν
842 2092 989 2160 παρὰ
1035 2090 1213 2153 πάσας
1258 2091 1369 2160 ἅμα
1408 2091 1504 2152 τὰς
1542 2090 1816 2159 εὐφημίας

123 2176 308 2247 δέησις
326 2179 579 2246 ἐκβαλεῖν
597 2186 692 2247 τῆς
714 2181 928 2242 πόλεως
952 2181 1081 2242 τοὺς
1096 2175 1414 2241 Ἰουδαίους.
1449 2179 1632 2247 <104>
1657 2182 1817 2241 Τίτος

120 2263 221 2335 μὲν
261 2262 366 2320 οὗν
406 2264 574 2320 οὐδὲν
615 2266 848 2320 ἐνέδωκε
888 2270 1024 2334 πρὸς
1062 2269 1268 2336 ταύτην
1303 2269 1404 2336 τὴν
1438 2267 1650 2337 δέησιν,
1689 2266 1809 2320 ἀλλ’

53 2376 95 2408 25
118 2354 294 2425 ἡσυχῇ
335 2365 446 2409 τῶν
486 2355 1138 2426 λεγομένωνέπήκουεν·
1202 2354 1284 2410 ἐπ’
1320 2356 1507 2429 ἀδήλῳ
1549 2353 1610 2409 δὲ
1648 2363 1722 2429 τῷ
1762 2359 1822 2409 τί

117 2453 320 2513 φρονεῖ
364 2442 454 2497 καὶ
504 2449 564 2497 τί
610 2447 829 2514 ποιήσει
878 2448 1053 2507 πολὺς
1103 2443 1195 2498 καὶ
1240 2447 1476 2514 χαλεπὸς
1520 2454 1637 2507 τοῖς
1675 2442 1814 2498 Ἰου-

119 2534 296 2595 δαίοις
347 2533 376 2587 ὁ
428 2536 604 2602 φόβος
657 2530 742 2603 ἦν.
821 2533 1004 2604 <105>
1052 2531 1184 2587 οὐδὲ
1238 2535 1344 2603 γὰρ
1399 2532 1695 2603 ὑπέμεινεν
1751 2532 1813 2586 ἐν

110 2618 417 2693 Ἀντιοχείᾳ
462 2625 645 2690 Τίτος,
696 2619 814 2676 ἀλλ’
862 2623 1035 2686 εὐθὺς
1082 2621 1170 2676 ἐπὶ
1209 2625 1271 2676 τὸ
1314 2626 1537 2692 Ζεῦγμα
1579 2624 1637 2676 τὸ
1676 2623 1813 2675 κατὰ

116 2710 215 2762 τὸν
261 2711 566 2780 Εὐφράτην
616 2710 896 2764 συνέτεινε
948 2712 1050 2780 τὴν
1104 2715 1362 2780 πορείαν,
1417 2713 1558 2764 ἔνθα
1605 2711 1673 2780 δὴ
1721 2709 1814 2764 καὶ

48 2819 92 2851 30
115 2799 264 2867 παρὰ
310 2807 411 2852 τοῦ
458 2799 713 2869 Πάρθων
767 2799 1038 2869 βασιλέως
1083 2800 1402 2869 Βολογέσου
1452 2802 1590 2868 πρὸς
1642 2798 1814 2853 αὐτὸν

115 2881 253 2954 ἧκον
304 2886 585 2956 στέφανον
634 2896 883 2958 χρυσοῦν
935 2886 1023 2941 ἐπὶ
1073 2896 1137 2958 τῇ
1188 2889 1324 2942 κατὰ
1371 2897 1482 2941 τῶν
1521 2886 1813 2941 Ἰουδαίων
