2032 3128
215 103 287 154 34
635 104 760 145 TOT
791 95 1130 145 IOTAAIKOT
1160 102 1467 145 ΠΟΛΕΜΟΥ

217 237 394 309 τούτῳ
426 238 736 307 περιιόντος
767 236 938 289 αὐτοῦ
968 235 1252 299 τοξεύεταί
1283 255 1365 298 τις
1395 244 1506 289 τῶν
1536 238 1736 305 φίλων,
1776 236 1898 289 ὀνό-

217 345 344 394 ματι
375 325 660 394 Νικάνωρ,
698 325 834 377 κατὰ
872 326 970 378 τὸν
1002 326 1160 377 λαιὸν
1193 320 1364 393 ὦμον,
1403 326 1589 392 ἔγγιον
1629 325 1761 393 μετὰ
1800 332 1899 378 τοῦ

212 412 479 481 Ἰωσήπου
509 414 858 481 προσελθών,
895 410 986 465 καὶ
1021 413 1359 482 πειρώμενος
1390 413 1636 482 εἰρηνικὰ
1667 421 1780 474 τοῖς
1812 410 1900 464 ἐπὶ

215 509 316 555 τοῦ
348 504 561 570 τείχους
592 497 684 571 (οὐ
716 501 820 569 γὰρ
854 502 1134 568 ἄγνωστος
1163 495 1259 571 ἣν)
1294 499 1665 568 διαλέγεσθαι.
1720 501 1901 569 <262>

219 590 311 642 διὰ
349 597 511 642 τοῦτο
548 589 643 651 τὰς
683 588 855 657 ὁρμὰς
894 588 1077 641 αὐτῶν
1110 587 1368 656 ἐπιγνοὺς
1398 591 1634 656 Καῖσαρ,
1675 590 1726 641 εἰ
1763 585 1901 657 μηδὲ
1946 608 1968 641 5

215 686 326 731 τῶν
368 675 456 730 ἐπὶ
502 679 743 748 σωτηρία
789 679 1136 747 προσιόντων
1180 675 1493 746 ἀπέχοιντο,
1539 676 1902 743 παροξύνεται

215 768 352 834 πρὸς
391 767 492 834 τὴν
530 768 874 835 πολιορκίαν,
922 766 1032 834 ἅμα
1070 762 1120 818 τ’
1153 760 1256 818 οὖν
1294 775 1409 828 τοῖς
1454 765 1687 834 τάγμασι
1729 767 1903 836 δῃοῦν

216 855 281 907 τὰ
327 856 433 922 πρὸ
472 861 565 921 τῆς
610 855 820 916 πόλεως
856 853 1046 926 ζήφίει,
1093 851 1184 906 καὶ
1232 851 1614 923 συμφέροντας
1654 852 1903 906 ἐκέλευσε

215 944 318 1011 τὴν
356 943 498 1011 ὕλην
538 941 771 1011 ἐγείρειν
809 943 1042 1012 χώματα.
1122 942 1302 1010 <263>
1341 949 1498 1012 τριχῇ
1539 939 1600 995 δὲ
1649 941 1905 1005 διατάξας

215 1033 317 1100 τὴν
362 1031 620 1099 στρατιὰν
665 1031 802 1099 πρὸς
846 1025 1045 1099 τᾶργα,
1093 1028 1294 1099 μέσους
1340 1031 1521 1099 ἵστησι
1567 1039 1678 1083 τῶν
1724 1030 1903 1100 χωμά-
1931 1052 1972 1084 10

128 1113 131 1115 ’
216 1140 327 1172 των
367 1120 496 1182 τούς
533 1117 576 1171 τ’
610 1118 930 1181 ἀκοντιστὰς
974 1117 1065 1171 καὶ
1107 1118 1355 1186 τοξότας,
1402 1117 1494 1172 καὶ
1539 1121 1645 1188 πρὸ
1693 1119 1905 1172 τούτων

120 1192 131 1205 ’
216 1210 345 1271 τοὺς
400 1207 677 1277 ὀξυβελεῖς
736 1205 828 1259 καὶ
889 1204 1222 1269 καταπέλτας
1278 1205 1370 1259 καὶ
1423 1207 1518 1269 τὰς
1572 1208 1907 1275 λιθοβόλους

215 1296 486 1366 μηχανάς,
541 1296 615 1358 ὡς
667 1296 762 1357 τάς
814 1291 863 1347 τ’
909 1294 1179 1365 ἐκδρομὰς
1232 1300 1407 1365 εἴργοι
1462 1303 1573 1348 τῶν
1626 1297 1906 1363 πολεμίων

216 1383 305 1438 ἐπὶ
351 1381 525 1455 τᾶργα
570 1382 660 1437 καὶ
707 1386 836 1446 τοὺς
884 1382 989 1437 ἀπὸ
1035 1390 1135 1436 τοῦ
1178 1386 1390 1453 τείχους
1435 1384 1672 1437 κωλύειν
1710 1400 1906 1453 πειρω-

214 1472 429 1543 μένους.
1931 1493 1974 1527 15

330 1561 512 1631 <264>
559 1560 917 1624 κοπτομένων
958 1558 1020 1614 δὲ
1057 1569 1169 1614 τῶν
1209 1559 1460 1632 δένδρων
1499 1562 1565 1614 τὰ
1610 1562 1907 1631 προάστεια

216 1647 318 1719 μὲν
373 1649 433 1703 ἐν
487 1651 638 1720 τάχει
699 1651 1046 1719 γεγύμνωτο,
1110 1648 1547 1720 συμφερομένων
1604 1645 1654 1703 δ’
1701 1649 1789 1703 ε’πὶ
1842 1652 1908 1703 τὰ

215 1740 438 1809 χώματα
492 1748 603 1791 τῶν
659 1738 860 1807 ξύλων,
922 1737 1014 1792 καὶ
1075 1746 1169 1807 τῆς
1232 1747 1488 1808 στρατιᾶς
1549 1738 1759 1807 ἁπάσης
1821 1737 1908 1791 ἐπὶ

213 1823 454 1897 τοῦργον
511 1827 860 1898 ὡρμημένης,
925 1825 1058 1881 οὐδὲ
1115 1829 1181 1880 τὰ
1242 1829 1390 1897 παρὰ
1452 1837 1564 1882 τῶν
1619 1825 1910 1881 Ἰουδαίων

213 1914 416 1985 ἠρέμει.
494 1915 675 1984 <265>
715 1918 813 1970 τὸν
852 1914 954 1985 μὲν
993 1912 1096 1970 οὖν
1137 1918 1316 1986 δῆμον
1357 1916 1417 1970 ἐν
1458 1916 1728 1986 ἁρπαγαῖς
1776 1919 1909 1970 ὄντα
1934 1938 1976 1969 20

213 2003 306 2057 καὶ
352 2007 548 2074 φόνοις
603 2004 895 2074 συνέβαινε
942 2007 1063 2058 τότε
1117 2010 1380 2076 θαρρειν·
1438 2005 1806 2059 ἀναπνεύσειν
1852 2025 1908 2058 τε

214 2094 319 2202 γὰρ
373 2093 807 2163 περισπωμένων
864 2096 1001 2163 πρὸς
1053 2097 1185 2157 τοὺς
1240 2093 1450 2158 ἔξωθεν
1497 2094 1909 2164 ὑπελάμβανον,

213 2180 304 2234 καὶ
351 2183 629 2250 λήψεσθαι
680 2184 826 2251 παρα
873 2193 984 2235 τῶν
1025 2169 1217 2235 αι’τίων
1257 2181 1417 2236 αὐτοὶ
1466 2184 1648 2252 δίκας,
1695 2185 1746 2236 εἰ
1786 2182 1910 2236 Ῥω-

215 2278 368 2339 μαιοι
407 2269 810 2339 περιγένοιντο·
852 2273 1033 2341 <266>
1066 2270 1326 2340 Ἰωάννης
1366 2270 1446 2341 δέ,
1494 2275 1671 2325 καίτοι
1710 2282 1910 2341 χωρειν

215 2357 303 2411 ἐπὶ
349 2361 482 2422 τοὺς
527 2358 629 2423 ἔξω
675 2364 975 2429 πολεμιόυς
1020 2369 1131 2414 τῶν
1169 2359 1295 2429 περὶ
1339 2360 1511 2414 αὐτὸν
1551 2360 1910 2431 ὡρμημένων,
1936 2372 1979 2412 25

215 2446 328 2500 δέει
381 2456 482 2501 τοῦ
528 2451 790 2518 Σίμωνος
844 2451 1051 2518 ἔμενεν.
1129 2449 1312 2519 <267>
1367 2449 1434 2503 οὐ
1488 2450 1598 2518 μὴν
1645 2449 1674 2503 ὁ
1715 2452 1911 2518 Σίμων

212 2536 403 2605 ’ἠρέμει
452 2534 566 2607 (καὶ
611 2538 716 2607 γὰρ
755 2533 827 2605 ἧν
868 2539 1056 2605 ἔγγιον
1095 2545 1159 2607 τῇ
1202 2535 1543 2608 πολιορκίᾳ),
1593 2537 1658 2589 τὰ
1699 2534 1747 2589 δ’
1781 2536 1911 2606 ἀφε-

212 2627 373 2694 τήρια
414 2627 690 2695 διίστησιν
731 2626 819 2679 ε’πὶ
858 2634 957 2679 τοῦ
996 2630 1228 2696 τείχους,
1268 2626 1370 2679 ὅσα
1410 2623 1648 2678 Κέστιόν
1689 2623 1734 2678 τ’
1766 2623 1910 2696 ἀφῄ-

214 2733 383 2782 ρηντο
431 2716 702 2784 πρότερον
750 2713 841 2768 καὶ
888 2716 989 2783 τὴν
1038 2714 1125 2768 ε’πὶ
1172 2722 1267 2783 τῆς
1317 2713 1609 2777 Ἀντωνίας
1655 2715 1912 2784 φρουρὰν

213 2801 430 2865 ἑλόντες
470 2805 686 2872 ἔλαβον.
749 2804 934 2873 <268>
975 2803 1114 2857 ἀλλὰ
1153 2805 1366 2857 τούτων
1399 2800 1501 2872 μὲν
1532 2813 1647 2865 τοῖς
1687 2806 1913 2865 πολλοῖς
1936 2824 1980 2856 30

213 2890 432 2961 ἀχρεῖος
478 2892 511 2961 ἡ
559 2900 747 2962 κτῆσις
793 2888 864 2961 ἦν
906 2890 977 2946 δι’
1013 2894 1287 2963 ἀπειρίαν,
1336 2892 1514 2961 ὀλίγοι
1565 2889 1614 2944 δ’
1647 2891 1754 2945 ὑπὸ
1803 2899 1912 2944 τῶν
