2032 3128
216 93 321 145 140
650 95 774 136 TOT
804 95 1145 137 ΙΟΤΔΑΙΚΟΤ
1176 96 1482 137 ΠΟΛΕΜΟΥ

210 227 495 296 μιαμάτων
534 226 833 290 ἀνάπλεως.
885 229 1030 297 <72>
1069 231 1227 297 μόλις
1267 225 1316 281 δ’
1357 228 1462 282 ὑπὸ
1502 231 1755 297 πλήθους
1785 238 1895 282 τῶν

208 313 334 382 περὶ
382 315 552 368 αὐτὸν
600 315 905 384 ἱσταμένων
953 315 1220 385 δυνηθεὶς
1265 322 1343 379 εἰς
1389 319 1449 370 τὸ
1487 320 1772 385 βασίλειον
1811 316 1896 370 ε’λ-

207 409 355 471 θεῖν,
395 403 560 466 αὐτὸς
598 400 701 471 μὲν
739 413 853 466 τοῖς
892 406 1058 457 ἔνδον
1096 411 1251 466 θεοῖς
1287 408 1491 467 θυσίας
1528 412 1623 471 τῆς
1661 405 1898 470 ἀφίξεως
1958 439 1960 441 >

207 492 596 559 χαριστηρίους
649 487 913 557 ἐπετέλει,
967 493 1127 557 <73>
1168 491 1418 558 τρέπεται
1473 488 1535 543 δὲ
1587 492 1653 543 τὰ
1707 492 1895 560 πλήθη

205 579 343 644 πρὸς
384 576 637 646 εὐωχίαν,
677 574 766 628 καὶ
807 578 942 629 κατὰ
981 578 1159 646 φυλὰς
1191 576 1279 630 καὶ
1324 577 1456 645 γένη
1496 576 1586 631 καὶ
1626 581 1899 646 γειτονίας
1944 602 1965 634 5

206 666 531 733 ποιούμενοι
578 666 672 727 τὰς
712 662 979 727 ἑστιάσεις
1022 666 1260 734 ηὔχοντο
1300 674 1373 736 τῷ
1413 671 1528 738 θεςό
1570 665 1899 730 σπένδοντες

207 753 378 807 αὐτόν
423 751 471 806 τ’
519 751 606 806 ἐπὶ
658 757 918 806 πλεῖστον
956 755 1161 822 χρόνον
1195 750 1583 807 ’δεσπασιανὸν
1623 753 1899 822 ἐπιμεῖναι

207 849 271 911 τῇ
303 840 584 910 Ῥωμαίων
629 840 921 912 ἡγεμονίᾳ,
971 839 1061 893 καὶ
1108 839 1301 894 παισὶν
1347 840 1519 894 αὐτοῦ
1558 840 1650 894 καὶ
1689 851 1804 904 τοῖς
1843 841 1897 905 ἐξ

209 930 435 1006 ἐκείνων
476 927 560 982 ἀεὶ
600 928 952 998 γιγνομένοις
990 933 1348 999 φυλαχθῆναι
1395 931 1457 983 τὸ
1496 929 1694 999 κράτος
1732 928 1899 982 ἀναν-

207 1019 562 1086 ταγώνιστον.
1923 1042 1967 1074 10

320 1107 466 1175 <74>
506 1107 539 1175 ἡ
580 1104 681 1175 μὲν
723 1102 825 1160 οὗν
857 1105 1136 1174 Ῥωμαίων
1183 1108 1340 1168 πόλις
1383 1106 1558 1168 οὕτως
1590 1103 1899 1159 ’δεσπασια-

210 1198 310 1248 νὸν
352 1193 681 1263 ἐκδεξαμένη
721 1196 1027 1265 προθύμως
1064 1194 1236 1257 εὐθὺς
1275 1196 1352 1258 εἰς
1393 1195 1606 1263 πολλὴν
1644 1194 1901 1264 εὐδαιμο-

208 1287 338 1337 νίαν
378 1283 662 1337 ἐπεδίδου·
720 1283 864 1352 <75>
901 1284 1008 1352 πρὸ
1050 1280 1111 1336 δὲ
1150 1284 1363 1336 τούτων
1401 1291 1511 1336 τῶν
1550 1286 1795 1353 χρόνων,
1841 1283 1902 1337 ἐν

209 1365 292 1435 οἷς
326 1370 704 1434 ’δεσπασιανὸς
750 1369 852 1440 μὲν
897 1369 1023 1440 περὶ
1067 1368 1488 1438 Ἀλεξάνδρειαν
1527 1368 1598 1440 ἦν
1645 1374 1802 1434 Τίτος
1841 1370 1903 1424 δὲ

208 1469 272 1530 τῇ
313 1470 423 1514 τῶν
455 1459 861 1530 Ἱεροσολύμων
900 1461 1244 1530 προσήδρευε
1283 1464 1594 1532 πολιορκία,
1632 1464 1776 1514 πολὺ
1810 1460 1902 1530 μέ-
1927 1482 1970 1515 15

210 1570 305 1618 ρος
345 1551 648 1619 Γερμανῶν
688 1547 920 1617 ἐκινήθη
961 1550 1098 1616 πρὸς
1136 1548 1460 1617 ἀπόστασιν,
1506 1549 1651 1618 <76>
1691 1542 1772 1612 οἷς
1810 1547 1903 1602 καὶ

209 1640 473 1690 Γαλατῶν
525 1638 584 1690 οὗ
628 1641 866 1707 πλησίον
918 1639 1410 1707 συμφρονήσαντες
1454 1645 1613 1707 κοινῇ
1666 1638 1903 1707 μεγάλας

210 1726 434 1789 ἐλπίδας
473 1726 660 1789 αὑτοῖς
701 1725 1012 1779 συνέθεσαν
1053 1726 1126 1789 ὡς
1163 1724 1255 1778 καὶ
1293 1733 1388 1794 τῆς
1418 1723 1700 1794 Ῥωμαίων
1733 1725 1903 1780 ἀπαλ-

208 1815 501 1883 λαξόμενοι
549 1816 880 1878 δεσποτείας.
957 1814 1102 1882 <77>
1142 1814 1307 1883 ἐπῆρε
1348 1811 1396 1867 δ’
1429 1815 1631 1877 αὐτοὺς
1670 1815 1904 1884 [Γερμα-

208 1903 366 1972 νοὺς]
407 1904 661 1967 ἅψασθαι
700 1910 796 1971 τῆς
839 1902 1192 1966 ἀποστάσεως
1235 1901 1327 1955 καὶ
1373 1904 1471 1955 τὸν
1513 1905 1757 1972 πόλεμον
1797 1903 1905 1967 ἐξε-
1930 1927 1974 1958 20

208 2001 427 2060 νεγκεῖν
473 2001 695 2061 πρῶτον
746 1989 848 2061 μὲν
887 1992 920 2060 ἡ
961 1992 1157 2061 φύσις,
1206 1987 1347 2045 οὖσα
1386 1997 1668 2061 λογισμῶν
1708 1994 1907 2061 ἔρημος

210 2080 442 2149 ἀγαθῶν
490 2079 580 2133 καὶ
628 2082 761 2150 μετὰ
809 2089 1006 2151 μικρᾶς
1045 2079 1271 2144 ἐλπίδος
1310 2079 1540 2149 ἑτοίμως
1579 2081 1905 2150 ῥιψοκίνδυ-

207 2189 329 2237 νος,
390 2170 549 2237 <78>
596 2172 780 2223 ἔπειτα
836 2167 897 2237 δὲ
951 2168 1043 2222 καὶ
1097 2179 1256 2239 μῖσος
1306 2171 1367 2223 τὸ
1419 2170 1558 2238 πρὸς
1602 2172 1733 2232 τοὺς
1777 2190 1907 2239 κρα-

207 2267 464 2326 τοῦντας,
520 2257 637 2311 ἐπεὶ
681 2261 874 2327 μόνοις
915 2264 1064 2312 ἴσασι
1096 2257 1380 2327 Ῥωμαίοις
1417 2260 1480 2312 τὸ
1521 2257 1682 2326 γένος
1722 2258 1906 2311 αὑτῶν

209 2347 501 2399 δουλεύειν
540 2345 925 2416 βεβιασμένον.
975 2348 1042 2400 οὐ
1082 2349 1193 2416 μὴν
1232 2346 1371 2400 ἀλλὰ
1411 2347 1646 2415 μάλιστά
1678 2366 1738 2415 γε
1769 2348 1906 2399 πάν-
1931 2366 1975 2399 25

206 2455 318 2487 των
359 2435 388 2488 ὁ
427 2437 620 2504 καιρὸς
651 2435 838 2498 αὐτοῖς
868 2435 1080 2504 θράσος
1113 2436 1457 2503 ἐνεποίησεν·
1498 2435 1645 2504 <79>
1671 2434 1908 2504 ὁρῶντες

206 2525 312 2594 γὰρ
351 2525 455 2592 τὴν
493 2522 775 2593 Ῥωμαίων
825 2523 1001 2594 ἀρχὴν
1041 2534 1157 2586 ταῖς
1197 2523 1452 2594 συνεχέσι
1489 2533 1601 2576 τῶν
1641 2523 1906 2593 αὐτοκρα-

206 2615 387 2681 τόρων
427 2612 694 2680 ἀλλαγαῖς
734 2611 794 2664 ἐν
835 2611 999 2682 ἑαυτῇ
1040 2610 1467 2682 τεταραγμένην,
1506 2619 1616 2665 πᾶν
1655 2631 1711 2665 τε
1744 2611 1909 2683 μέρος

205 2708 301 2769 τῆς
339 2696 431 2753 ὑπ’
481 2701 670 2764 αὐτοῖς
717 2700 1047 2770 οἰκουμένης
1085 2703 1401 2770 πυθόμενοι
1448 2699 1725 2770 μετέωρον
1762 2697 1905 2753 εἶναι

206 2787 298 2842 καὶ
338 2790 770 2860 κραδαίνεσθαι,
817 2798 1017 2842 τοῦτον
1066 2792 1261 2859 σφίσιν
1300 2789 1492 2851 αὐτοῖς
1530 2789 1759 2858 ἄριστον
1799 2788 1906 2842 ὑπὸ
1931 2811 1975 2843 30

205 2885 301 2946 τῆς
341 2877 569 2931 ἐκείνων
608 2881 982 2947 κακοπραγίας
1015 2876 1105 2930 καὶ
1139 2878 1380 2940 στάσεως
1410 2878 1606 2947 καιρὸν
1640 2874 1908 2948 ᾠήθησαν
