2032 3128
177 139 284 191 326
502 179 505 182 ,
732 141 834 181 ΕΙΣ
865 140 1301 182 ΜΑΚΚΑΒΑΙΟΤΣ

175 284 285 327 τῶν
326 275 572 342 δικαίων,
619 271 708 325 καὶ
757 272 816 325 ἐκ
861 282 1053 326 πασῶν
1093 273 1275 326 αὐτῶν
1316 274 1539 344 ῥύσεται
1587 274 1787 337 αὐτοὺς
1826 275 1856 329 ὁ

174 362 397 431 κύριοςῖ
466 361 645 430 <223>
684 362 780 414 τὸν
813 365 1154 430 Σολομῶντα
1194 360 1575 431 ἐπαροιμιάζεν
1609 362 1740 431 ἡμῖν
1772 362 1858 416 λε’-

177 470 346 517 γοντα
392 449 586 513 εξύλον
628 453 762 517 ζωῆς
802 449 916 502 ε’στι
962 458 1094 503 πᾶσι
1132 459 1247 513 τοῖς
1292 458 1550 504 ποιοῦσιν
1589 452 1759 506 αὐτοῦ
1798 453 1860 506 τὸ

175 538 424 607 θε’λημα.’
503 540 600 591 τὸν
640 534 890 607 Ἰεζεκιὴλ
938 541 1335 593 ε’πιστοποιεῐτο
1375 538 1605 607 λέγοντα
1654 540 1731 592 ‘a'
1776 542 1862 609 ζή-

178 642 327 680 σεται
366 628 432 679 τὰ
471 627 603 680 ὀστᾶ
643 627 707 679 τὰ
754 626 892 697 ξηρὰ
929 627 1160 692 ταῦτα;’
1207 626 1360 700 ᾠδὴν
1400 624 1501 696 μὲν
1539 628 1611 696 ’ἣν
1648 628 1862 692 ἐδίδαξε

176 719 426 784 Μωυσῆς
465 715 567 768 οὐκ
606 715 903 768 ἐπελάθετο
945 715 1245 785 διδάσκων,
1284 716 1385 784 τὴν
1418 714 1689 784 λέγουσαν
1728 716 1863 784 τἐγὼ

179 803 458 857 ἀποκτενῶ
505 803 596 856 καὶ
645 807 739 872 ζῆν
778 805 1004 871 ποιήσω.
1081 804 1217 872 αὕτη
1265 804 1298 872 ἡ
1348 805 1453 872 ζωὴ
1500 804 1656 872 ὑμῶν
1695 803 1802 857 καὶ
1830 805 1864 873 ἡ

179 895 449 961 μακρότης
487 892 743 961 ἡμερῶν.’

291 983 473 1051 <224>
521 982 562 1034 ὢ
610 989 806 1050 πικρᾶς
844 989 938 1049 τῆς
983 984 1103 1035 τότε
1151 980 1355 1050 ἡμέρας
1400 979 1491 1034 καὶ
1538 982 1605 1035 οὐ
1650 990 1865 1051 πικρᾶς,

180 1070 268 1122 ὅτε
324 1071 353 1124 ὁ
406 1071 599 1136 πικρὸς
648 1067 927 1137 Ἑλλήνων
981 1071 1257 1138 τύραννος
1317 1077 1426 1139 πῦρ
1481 1068 1616 1140 πυρὶ
1671 1069 1868 1138 σβέσας

179 1157 405 1227 λέβησιν
460 1160 629 1227 ὠμοῖς
681 1157 770 1211 καὶ
828 1157 1008 1222 ζέουσι
1060 1164 1292 1227 θυμοῖς,
1351 1157 1574 1227 ἀγαγὼν
1630 1155 1716 1211 ἐπὶ
1769 1160 1869 1211 τὸν

178 1245 521 1316 καταπέλτην
559 1245 651 1300 καὶ
689 1247 866 1309 πάσας
904 1248 1000 1309 τὰς
1038 1247 1317 1315 βασάνους
1357 1247 1530 1300 αὐτοῦ
1568 1249 1698 1309 τοὺς
1737 1243 1869 1299 ἑπτὰ

178 1338 379 1399 παῖδας
413 1323 507 1404 τῆς
540 1333 976 1406 Ἀβρααμίτιδος,
1014 1334 1106 1389 καὶ
1143 1336 1240 1398 τὰς
1269 1345 1380 1389 τῶν
1413 1335 1673 1404 ὀμμάτων
1703 1336 1871 1404 κόρας

180 1424 428 1493 ἐπήρωσε
475 1423 566 1478 καὶ
613 1426 865 1492 γλώσσας
905 1423 1115 1493 ἐξέτεμε
1161 1423 1254 1477 καὶ
1296 1424 1561 1494 βασάνοις
1597 1426 1872 1486 ποικίλαις

180 1513 510 1566 ἀπέκτεινεν.
586 1513 767 1582 <225>
805 1510 943 1581 ὑπὲρ
980 1509 1059 1566 ὧν
1090 1513 1123 1582 ἡ
1164 1516 1295 1566 θεία
1335 1514 1462 1581 δίκη
1503 1517 1741 1581 μετῆλθε
1780 1509 1871 1564 καὶ

181 1603 558 1671 μετελεύσεται
597 1604 695 1655 τὸν
733 1601 1035 1670 ἀλάστορα·
1087 1603 1145 1655 οἱ
1189 1598 1250 1654 δὲ
1292 1600 1636 1670 Ἀβραμιαῖοι
1681 1602 1874 1663 παῖδες

182 1694 288 1744 σὺν
328 1699 392 1761 τῇ
437 1689 741 1764 ἀθλοφόρςο
789 1690 955 1758 μητρὶ
1000 1689 1092 1744 καὶ
1134 1699 1210 1762 τῷ
1258 1698 1459 1761 γεραιῷ
1505 1687 1758 1758 Ἐλεάζαρ
1798 1696 1874 1760 τῷ

182 1790 292 1832 τῶν
331 1778 583 1848 πατέρων
622 1787 769 1852 χορῷ
820 1780 1309 1848 συναγελάζονται,
1357 1780 1536 1849 ψυχὰς
1575 1777 1747 1846 ἁγνὰς
1784 1775 1876 1831 καὶ

183 1869 498 1931 ἀθανάτους
538 1868 900 1938 ἀπειληφότες
936 1869 1083 1937 παρὰ
1120 1876 1221 1922 τοῦ
1261 1874 1428 1934 θεοῦ,
1470 1861 1512 1938 ᾧ
1551 1866 1584 1934 ἡ
1626 1865 1760 1930 δόξα
1798 1868 1878 1928 εἰς

184 1960 314 2021 τοὺς
354 1959 558 2020 αἰῶνας
596 1966 706 2010 τῶν
747 1958 982 2010 αἰώνων.
1060 1955 1220 2025 ἀμήν.

1893 1090 1934 1121 10

1897 1532 1939 1563 15

1901 1972 1945 2003 20
