2032 3128
757 103 966 147 ΛΟΓΟΣ
999 106 1198 147 meroz
1746 101 1815 153 91

138 235 180 288 τ’
221 232 310 305 ἦν,
349 237 421 304 μὴ
455 233 814 304 χωρουμένην
845 243 919 307 τῷ
950 239 1117 309 τόπῳ,
1161 238 1452 306 τριάκοντα
1486 235 1533 288 δ’
1575 235 1820 300 ἐπιλέξας

137 323 229 393 ἀφ’
271 322 496 392 ἑκάστης
535 322 950 394 ἑκατονταρχίας
987 327 1115 387 τοὺς
1154 324 1427 393 ἀρίστους,
1468 322 1558 377 καὶ
1593 333 1708 387 τοῖς
1738 345 1819 392 χι-

135 413 380 481 λιάρχοις
404 411 509 464 ἀνὰ
532 414 744 481 χιλίους
767 413 1065 480 παραδούς,
1097 413 1307 465 τούτων
1334 411 1381 465 δ’
1415 411 1665 476 ἐπιτάξας
1695 411 1820 480 ἡγε-

135 503 276 569 μόνα
325 500 653 569 Κερεάλιον,
701 499 998 553 ἐπιθέσθαι
1043 499 1338 566 προσέταξε
1384 511 1502 563 ταῖς
1547 504 1820 569 φυλακαῖς

91 609 112 642 5
134 587 259 658 περὶ
285 589 434 656 ὥραν
457 594 552 656 τῆς
574 589 771 649 νυκτὸς
800 587 1013 656 ἐνάτην.
1069 590 1251 657 <132>
1284 590 1416 642 ὄντα
1441 586 1503 641 δὲ
1526 587 1617 641 καὶ
1649 588 1820 641 αὐτὸν

134 676 194 729 ἐν
225 685 339 738 τοῖς
371 677 560 739 ὅπλοις
589 674 680 728 καὶ
713 679 1170 745 συγκαταβαίνειν
1208 675 1725 747 παρεσκευασμένον
1766 677 1824 729 οἴ

130 784 187 817 τε
219 768 372 834 φίλοι
405 765 498 817 διὰ
528 766 589 817 τὸ
621 762 856 832 μέγεθος
885 773 985 818 τοῦ
1016 765 1285 818 κινδύνου
1317 763 1606 834 κατέσχον,
1638 764 1727 817 καὶ
1753 766 1819 817 τὰ

129 851 254 922 περὶ
294 862 404 906 τῶν
443 851 732 921 ἡγεμόνων
776 855 1067 922 λεγόμενα·
1145 853 1328 922 <133>
1368 852 1538 906 πλέον
1577 853 1682 922 γὰρ
1722 852 1819 905 αὐ-

130 943 228 995 τὸν
277 940 506 994 ἀνύσειν
558 943 770 1011 ἔφασαν
822 940 910 994 ἐπὶ
965 949 1058 1011 τῆς
1105 939 1397 1004 Ἀντωνίας
1446 943 1819 1009 καθεζόμενον

64 1053 106 1084 10
130 1028 218 1082 καὶ
258 1030 358 1097 τὴν
404 1029 584 1099 μάχην
632 1029 1094 1098 ἀγωνοθετοῦντα
1141 1040 1254 1093 τοῖς
1305 1030 1658 1100 στρατιώταις
1697 1028 1730 1098 ἢ
1770 1030 1822 1081 εἰ

128 1119 366 1187 καταβὰς
396 1119 851 1188 προκινδυνεύοι·
891 1119 1097 1181 πάντας
1128 1120 1232 1189 γὰρ
1266 1119 1507 1188 ὁρῶντος
1538 1120 1819 1186 Καίσαρος

128 1206 376 1274 ἀγαθοὺς
413 1207 743 1275 πολεμιστὰς
780 1208 1020 1259 ἔσεσθαι.
1092 1208 1276 1275 <134>
1315 1208 1531 1269 τούτοις
1569 1204 1820 1268 πεισθεὶς

128 1295 156 1348 ὁ
198 1298 441 1365 Καῖσαρ,
487 1293 579 1348 καὶ
627 1292 697 1348 δι’
742 1295 803 1348 ἓν
849 1303 1012 1349 τοῦτο
1059 1305 1174 1358 τοῖς
1221 1295 1577 1365 στρατιώταις
1615 1293 1818 1364 ὑπομέ-

125 1403 246 1436 νειν
284 1384 475 1451 εἰπών,
514 1384 607 1436 ἵνα
646 1385 807 1453 κρίνῃ
847 1384 942 1446 τὰς
978 1383 1172 1454 ἀρετὰς
1203 1383 1387 1436 αὐτῶν
1418 1381 1509 1436 καὶ
1542 1385 1675 1452 μήτε
1707 1392 1818 1435 τῶν

60 1495 101 1527 15
126 1470 358 1539 ἀγαθῶν
398 1491 479 1533 τις
517 1469 817 1540 ἀγέραστος
855 1474 988 1540 μήτε
1027 1480 1138 1524 τῶν
1172 1471 1440 1525 ἐναντίων
1480 1471 1820 1542 ἀτιμώρητος

126 1560 394 1630 διαλάθῃ,
433 1557 656 1628 γένηται
698 1558 745 1612 δ’
800 1559 1072 1628 αὐτόπτης
1110 1558 1201 1612 καὶ
1241 1560 1450 1630 μάρτυς
1488 1559 1748 1613 ἁπάντων
1788 1559 1817 1612 ὁ

124 1646 216 1701 καὶ
261 1656 362 1701 τοῦ
409 1648 659 1712 κολάζειν
705 1646 796 1700 καὶ
842 1656 943 1701 τοῦ
989 1656 1154 1717 τιμᾶν
1193 1650 1409 1717 κύριος,
1464 1649 1642 1717 <135>
1688 1651 1820 1711 τοὺς

125 1734 227 1806 μὲν
267 1735 355 1790 ἐπὶ
394 1737 497 1805 τὴν
533 1735 734 1806 πρᾶξιν
776 1738 976 1805 ἔπεμπε
1023 1735 1151 1789 καθ’
1198 1737 1268 1805 ἣν
1313 1738 1466 1806 ὥραν
1504 1735 1595 1790 καὶ
1634 1739 1819 1805 προεί-

124 1846 308 1896 ρηται,
354 1826 650 1895 προελθὼν
692 1822 741 1877 δ’
780 1824 944 1887 αὐτὸς
984 1826 1060 1887 εἰς
1098 1826 1159 1878 τὸ
1201 1825 1538 1878 εὐκάτοπτον
1579 1824 1684 1878 ἀπὸ
1725 1833 1821 1894 τῆς

6 1928 14 1932 ”
54 1937 99 1970 20
115 1912 413 1978 Ἀντωνίας
455 1913 776 1983 ἐκαραδόκει
814 1916 876 1967 τὸ
916 1913 1133 1983 μέλλον.
1188 1954 1194 1957 -

234 2003 416 2071 <136>
459 2002 526 2055 οὐ
566 2003 677 2071 μὴν
716 2003 774 2056 οἵ
809 2022 869 2069 γε
908 2000 1258 2072 πεμφθέντες
1286 2004 1419 2065 τοὺς
1448 2003 1700 2072 φύλακας
1730 1998 1819 2056 εὗ-

124 2112 225 2160 ρον
265 2089 643 2160 κοιμωμένους
683 2091 756 2153 ὡς
793 2092 1061 2159 ἤλπισαν,
1101 2086 1221 2144 ἀλλ’
1260 2090 1648 2159 ἀναπηδήσασι
1686 2092 1819 2160 μετὰ

121 2187 366 2249 κραυγῆς
405 2177 616 2242 εὐθέως
663 2178 1085 2232 συνεπλέκοντο.
1160 2180 1298 2250 πρὸς
1342 2176 1402 2231 δὲ
1441 2180 1543 2248 τὴν
1581 2189 1692 2233 τῶν
1733 2179 1819 2233 ἐκ·

122 2269 461 2322 κοιτούντων
507 2269 650 2336 βοὴν
697 2269 936 2327 ἔνδοθεν
977 2268 1036 2321 οἱ
1074 2266 1259 2321 λοιποὶ
1298 2269 1435 2321 κατὰ
1474 2277 1670 2337 στῖφος
1710 2267 1819 2332 ἐξέ-

54 2380 100 2412 25
122 2363 278 2411 θεον.
357 2357 541 2425 <137>
587 2365 699 2409 τῶν
747 2352 850 2425 μὲν
898 2357 968 2424 δὴ
1015 2357 1251 2426 πρώτων
1299 2357 1396 2419 τὰς
1435 2357 1606 2426 ὁρμὰς
1646 2357 1821 2422 ἐξεδέ-

122 2465 288 2516 χοντο
327 2443 608 2514 Ῥωμαῖοι,
657 2444 1018 2513 περιέπιπτον
1068 2443 1114 2497 δ’
1165 2446 1223 2498 οἱ
1271 2443 1386 2514 μετ’
1445 2445 1691 2509 ἐκείνους
1743 2454 1817 2518 τῷ

123 2532 368 2606 σφετέρῳ
393 2534 652 2602 τάγματι,
685 2532 776 2586 καὶ
801 2531 998 2587 πολλοὶ
1029 2543 1144 2596 τοῖς
1176 2535 1402 2597 οἰκείοις
1434 2535 1508 2597 ὡς
1538 2539 1822 2604 πολεμίοις

121 2622 381 2693 ἐχρῶντο.
456 2623 639 2690 <138>
685 2623 788 2690 τὴν
836 2618 936 2689 μὲν
984 2622 1090 2690 γὰρ
1131 2622 1225 2674 διὰ
1272 2625 1407 2691 βοῆς
1447 2622 1746 2691 ἐπίγνωσιν
1786 2623 1820 2692 ἡ

120 2713 334 2781 κραυγὴ
377 2716 722 2781 συγχυθεῖσα
761 2708 893 2780 παρ’
932 2710 1169 2779 ἀμφοῖν,
1207 2711 1311 2779 τὴν
1351 2708 1413 2763 δὲ
1446 2709 1519 2763 δι’
1560 2710 1821 2780 ὀμμάτων

5 2815 8 2818 ’
48 2799 152 2868 3οὴ
200 2799 301 2863 νὺξ
349 2798 581 2853 ἕκαστον
630 2798 916 2868 ἀφείλετο,
970 2796 1062 2851 καὶ
1108 2799 1451 2867 τυφλώττειν
1498 2799 1679 2862 ἄλλως
1725 2799 1823 2863 οὓς

0 2987 20 3128 πίστιες-ι’
0 2959 9 2978 4ι·
0 2938 3 2939 ’

121 2885 224 2958 μὲν
257 2888 314 2941 οἱ
341 2886 518 2957 θυμοὶ
550 2888 960 2958 παρεσκεύαζον
992 2885 1090 2949 οὓς
1122 2883 1170 2939 δ’
1212 2887 1270 2940 οἰ
1296 2889 1480 2956 φόβοι.
1533 2888 1624 2940 διὰ
1656 2897 1821 2942 τοῦτο
