2032 3128
754 104 966 146 ΛΟΓΟΣ
995 104 1196 146 ΕΚΤΟΣ
1745 101 1816 154 85

135 237 412 307 προπηδᾷ,
458 234 549 288 καὶ
594 246 862 300 νικῶντας
907 238 1012 306 ἤδη
1053 239 1182 300 τοὺς
1220 236 1530 301 Ἰουδαίους
1568 235 1819 308 τρέπεται

134 325 302 391 μόνος
340 323 498 393 μέχρι
534 332 629 393 τῆς
667 333 768 378 τοῦ
815 324 1086 397 ἐνδοτέρω
1129 327 1280 396 ἱεροῦ
1328 329 1543 394 γωνίας.
1589 327 1820 394 ’ἔφευγε

135 409 196 464 δὲ
235 414 295 465 τὸ
333 416 550 481 πλῆθος
587 414 831 483 ἄθρουν,
878 415 1007 467 οὔτε
1053 415 1154 483 τὴν
1196 416 1355 483 ἰσχὺν
1396 415 1521 467 οὔτε
1559 415 1660 483 τὴν
1698 415 1820 466 τόλ-

133 520 241 568 μαν
282 499 646 571 ἀνθρωπίνην
684 502 1188 571 ὑπολαμβάνοντες.
1250 503 1394 571 <83>
1433 502 1462 555 ὃ
1503 499 1565 555 δὲ
1604 502 1695 554 διὰ
1727 500 1819 571 μέ-

89 610 109 641 5
135 603 248 641 σων
298 599 408 641 τῶν
460 590 918 659 σκεδαννυμένων
973 590 1166 644 ἄλλοτ’
1207 592 1345 661 ἄλλῃ
1402 588 1638 661 διᾴττων
1693 588 1819 659 ἐφό-

132 696 258 729 νευε
297 680 428 741 τοὺς
464 679 1083 748 καταλαμβανομένους,
1129 677 1221 732 καὶ
1259 686 1355 748 τῆς
1394 680 1571 743 ὄψεως
1610 677 1820 744 ἐκείνης

0 801 2 881 ν
133 762 299 819 οὐδὲν
339 767 466 820 οὔτε
505 774 579 838 τῷ
621 770 860 836 Καίσαρι
907 769 1368 838 θαυμασιώτερον
1408 767 1534 820 οὔτε
1573 774 1686 827 τοῖς
1725 766 1819 817 ἄλ-

132 857 249 916 λοις
294 853 532 924 παρέστη
581 855 1041 925 φρικωδέστερον.
1118 856 1264 924 <84>
1311 854 1566 907 ἐδιώκετο
1615 849 1666 905 δ’
1713 853 1819 921 ἄρα

130 940 221 994 καὶ
269 943 433 1004 αὐτὸς
478 943 587 996 ὑπὸ
634 950 729 1012 τῆς
775 943 1128 1014 εἱμαρμένης,
1179 943 1249 1012 ἣν
1296 942 1579 1012 ἀμήχανον
1620 942 1818 1009 διαφυ-

66 1052 109 1084 10
132 1039 251 1097 γεῖν
297 1032 511 1099 θνητὸν
559 1031 707 1083 ὄντα.
783 1031 928 1099 (85)
972 1031 1039 1083 τὰ
1086 1031 1191 1100 γὰρ
1239 1030 1566 1099 ὑποδήματα
1615 1047 1820 1098 πεπαρ-

130 1116 267 1186 μένα
305 1128 537 1181 πυκνοῖς
581 1117 672 1171 καὶ
721 1118 904 1183 ὀξέσιν
942 1119 1098 1187 ἥλοις
1137 1121 1305 1189 ἔχων,
1352 1119 1535 1187 ὥσπερ
1573 1126 1685 1170 τῶν
1724 1118 1819 1169 ἄλ-

130 1210 244 1259 λων
277 1215 625 1276 στρατιωτῶν
651 1206 892 1271 ἕκαστος,
926 1205 1017 1260 καὶ
1041 1207 1177 1260 κατὰ
1201 1207 1581 1277 λιθοστρώτου
1611 1204 1820 1275 τρέχων

129 1294 516 1364 ὑπολισθάνει,
554 1297 739 1349 πεσὼν
779 1294 832 1348 δ’
866 1296 1058 1359 ὕπτιος
1088 1297 1221 1365 μετὰ
1252 1298 1512 1364 μεγίστου
1552 1303 1647 1363 τῆς
1683 1313 1820 1347 παν-

131 1386 325 1446 οπλιάς
370 1385 509 1452 ἤχου
562 1387 694 1448 τοὺς
745 1386 1054 1454 φεύγοντας
1114 1383 1441 1454 ἐπιστρέφει.
1518 1383 1678 1452 <86>
1729 1380 1820 1435 καὶ

11 1484 14 1486 ’
65 1493 108 1527 15
131 1481 241 1524 τῶν
281 1469 382 1540 μὲν
423 1471 528 1526 ἀπὸ
567 1481 662 1542 τῆς
700 1472 999 1537 Ἀντωνίας
1029 1472 1309 1542 Ῥωμαίων
1355 1475 1503 1543 ἤρθη
1552 1471 1655 1541 βοὴ
1694 1469 1820 1541 περὶ

116 1558 324 1630 ,τάνδρὶ
373 1561 702 1629 δεισάντων,
751 1563 811 1615 oc
853 1559 914 1614 δὲ
954 1558 1219 1615 Ἰουδαῖοι
1257 1562 1611 1632 περιστάντες
1650 1559 1820 1612 αὐτὸν

130 1648 330 1717 ἀθρόοι
383 1658 497 1712 τοῖς
541 1669 598 1703 τε
646 1650 864 1713 ξυστοῖς
909 1648 999 1703 καὶ
1039 1660 1158 1713 ταῖς
1201 1650 1502 1720 ῥομφαίαις
1539 1649 1822 1702 πάντοθεν

130 1739 338 1790 ἔπαιον.
414 1738 576 1807 <87>
631 1739 660 1791 ὃ
717 1736 779 1792 δὲ
832 1742 1013 1793 πολὺν
1068 1736 1170 1808 μὲν
1223 1747 1298 1811 τῷ
1350 1744 1539 1809 θυρεῷ
1589 1738 1822 1808 σίδηρον
1861 1783 1864 1785 Α

130 1825 428 1897 ἐξεδέχετο,
482 1827 745 1890 πολλάκις
800 1826 847 1881 δ’
900 1827 1202 1897 ἀναστῆναι
1252 1827 1514 1896 πειράσας
1562 1826 1671 1879 ὑπὸ
1722 1833 1823 1879 τοῦ

9 1928 15 1931 ”
61 1939 104 1970 20
127 1917 382 1984 πλήθους
435 1924 548 1969 τῶν
600 1920 921 1970 τυπτόντων
971 1916 1275 1987 ἀνετράπη,
1329 1914 1421 1970 καὶ
1470 1918 1720 1984 κείμενος
1767 1912 1815 1967 δ’

127 2003 275 2072 όμως
314 2005 502 2057 ἔνυττε
541 2024 617 2057 τω
666 2004 814 2074 ξίφει
860 2007 1116 2069 πολλούς.
1189 2006 1334 2082 (Q)
1375 2002 1508 2058 οὐδε
1546 2005 1651 2074 γὰρ
1692 2002 1824 2073 ἀνῃ-

127 2090 267 2161 ρέθη
294 2091 516 2162 ταχέως,
548 2100 624 2164 τῷ
649 2113 705 2147 τε
737 2094 929 2163 κράνει
961 2093 1051 2147 καὶ
1083 2102 1157 2166 τῷ
1190 2083 1408 2163 θωρακι
1437 2091 1825 2199 πεφραγμένος

125 2180 303 2234 πάντα
340 2182 407 2234 τὰ
445 2185 632 2252 καίρια
669 2185 807 2253 πρὸς
845 2184 1092 2252 σφαγήν,
1132 2182 1223 2236 καὶ
1255 2184 1354 2236 τὸν
1386 2180 1591 2251 αὐχένα
1630 2179 1825 2235 συνέλ-

123 2289 264 2336 κων,
313 2268 472 2340 μέχρι
516 2270 875 2340 κοπτομένων
922 2272 1069 2344 αὐτῷ
1118 2281 1230 2325 τῶν
1276 2273 1462 2324 ἄλλων
1510 2274 1694 2340 μελῶν
1732 2268 1824 2322 καὶ

57 2378 102 2412 25
125 2357 364 2425 μηδενὸς
400 2368 755 2429 προσαμῦναι
794 2365 1107 2430 τολμῶντος
1138 2360 1386 2414 ἐνέδωκε.
1449 2359 1596 2428 <89>
1635 2359 1825 2411 δεινὸν

127 2442 187 2498 δὲ
227 2446 410 2523 πάθος
447 2444 621 2517 εἰσῄει
662 2450 918 2519 Καίσαρα
968 2448 1172 2519 ἀνδρὸς
1211 2449 1386 2512 οὕτως
1430 2446 1692 2516 ἐναρέτου
1732 2443 1824 2499 καὶ

124 2533 185 2586 ἐν
218 2535 343 2599 ὄψει
375 2537 660 2589 τοσούτων
692 2536 1101 2606 φονευομένου·
1142 2535 1233 2590 καὶ
1265 2537 1436 2590 αὐτὸν
1469 2533 1570 2606 μὲν
1603 2536 1632 2590 ὁ
1661 2537 1827 2597 τόπος

125 2620 356 2681 διέκλειε
402 2627 638 2693 βοηθεῖν
683 2624 954 2694 θέλοντα,
1000 2628 1130 2689 τοὺς
1171 2625 1524 2695 ’δυναμένους
1565 2621 1627 2677 δὲ
1664 2622 1827 2676 κατά-

122 2709 328 2778 πληξις.
408 2713 554 2782 <9Ο>
593 2712 902 2777 Ἰουλιανὸς
949 2712 1051 2783 μὲν
1100 2711 1204 2768 οὗν
1254 2714 1434 2768 πολλὰ
1474 2712 1827 2779 δυσθανατή-

55 2821 100 2853 30
125 2813 224 2861 σας
262 2798 355 2853 καὶ
401 2809 515 2855 τῶν
561 2804 898 2856 κτεινόντων
946 2802 1170 2871 ὀλίγους
1215 2802 1464 2871 ἀπλῆγας
1508 2801 1827 2855 καταλιπὼν

121 2890 282 2956 μόλις
329 2889 766 2960 ἀποσφάττεται,
813 2889 1075 2959 μέγιστον
1123 2892 1191 2945 οὐ
1229 2892 1379 2962 παρὰ
1411 2889 1696 2960 Ῥωμαίοις
1734 2885 1829 2941 καὶ
