2032 3128
1977 0 2001 135 :mma

204 93 274 146 88
631 94 755 137 ΤΟΤ
785 94 1125 136 ῙΟΤΔΑῙΚΟΤ
1155 94 1463 136 ΠΟΛΕΜΟΥ

206 230 285 290 τίς
309 227 338 280 ὁ
366 228 764 296 συμβουλεύων
787 225 879 280 καὶ
903 230 1096 280 πόθεν.
1136 227 1208 295 μὴ
1233 227 1338 296 γὰρ
1364 225 1540 295 ἔγωγέ
1558 244 1687 279 ποτε
1712 229 1884 294 γενοί·

206 335 315 384 μην
342 318 447 379 ζῶν
479 315 653 377 οὕτως
685 315 1045 385 αἰχμάλωτος,
1078 315 1170 367 ἵνα
1205 315 1496 383 παύσωμαι
1530 311 1882 386 (κηδόμενος)

204 411 303 457 τοῦ
342 402 538 471 γένους
576 403 609 471 ἢ
649 413 759 457 τῶν
797 406 1044 473 πατρίων
1083 401 1443 472 ἐπιλάθωμαι.
1496 402 1678 471 <108>
1715 402 1883 455 πάλιν

204 479 525 559 ἀγανακτεῖς
571 490 661 544 καὶ
699 491 963 562 κέκραγάς
1010 511 1103 559 μοι
1143 492 1601 561 λοιδορούμενος,
1651 489 1782 563 ἀξίῳ
1822 509 1882 558 γε

203 579 294 633 καὶ
324 577 735 649 χαλεπωτέρων,
775 580 834 642 ὃς
864 579 1122 649 ἀντικρὺς
1159 586 1252 648 τῆς
1290 577 1619 648 εἱμαρμένης
1656 598 1711 631 τε
1750 597 1883 647 παρ-
1928 600 1949 631 5

205 677 342 721 αινῶ
389 666 481 721 καὶ
527 671 656 730 τοὺς
699 669 808 721 ὑπὸ
867 676 966 721 τοῦ
1023 673 1163 720 θεοῦ
1221 668 1474 736 βιάζομαι
1531 670 1885 736 κατακρίτους

206 758 412 821 σώζειν.
489 758 670 825 <109>
710 759 792 819 τίς
825 757 926 810 οὐκ
958 753 1074 809 οἶδε
1113 756 1207 818 τὰς
1244 765 1355 809 τῶν
1394 760 1643 808 παλαιῶν
1674 773 1885 826 προφη-

203 855 315 898 τῶν
355 843 802 914 ἀναγραφὰςκαὶ
842 846 940 898 τὸν
976 842 1336 914 ἐπιρρέποντα
1367 851 1431 914 τῇ
1467 846 1698 912 τλήμονι
1729 845 1886 896 πόλει

203 935 451 1003 χρησμὸν
489 935 594 1001 ἤδη
636 933 927 998 ἐνεστῶτα;
967 936 1088 986 τότε
1127 934 1232 1003 γὰρ
1265 934 1475 986 ἅλωσιν
1506 932 1673 1000 αὐτῆς
1702 941 1887 999 προεῖ-

203 1040 337 1088 πον,
377 1022 510 1075 ὅταν
550 1022 839 1090 ὁμοφύλου
878 1042 959 1083 τις
991 1021 1125 1091 ἄρξῃ
1159 1024 1354 1091 φόνου.
1404 1021 1587 1090 <110>
1617 1030 1728 1074 τῶν
1759 1020 1888 1089 ὑμε-
1913 1040 1956 1073 10

203 1108 378 1177 τέρων
419 1107 479 1163 δὲ
518 1110 823 1179 πτωμάτων
863 1109 964 1179 οὐχ
1003 1111 1034 1178 ἡ
1075 1113 1234 1172 πόλις
1271 1107 1362 1162 καὶ
1392 1112 1453 1162 τὸ
1488 1110 1639 1178 ἱερὸν
1680 1106 1740 1162 δὲ
1778 1116 1889 1161 πᾶν

202 1200 576 1266 πεπλήρωται;
623 1200 757 1261 θεὸς
795 1199 927 1268 ἄρα,
977 1199 1110 1260 θεὸς
1156 1197 1321 1260 αὐτὸς
1368 1197 1555 1265 ἐπάγει
1602 1198 1735 1266 μετὰ
1767 1195 1890 1249 Ῥω-

204 1289 383 1355 μαίων
415 1287 723 1356 καθάρσιον
763 1286 909 1358 αὐτῷ
950 1294 1088 1357 πῦρ,
1134 1284 1226 1339 καὶ
1273 1287 1373 1355 τὴν
1412 1287 1694 1339 τοσούτων
1732 1298 1890 1354 μιασ-

205 1375 392 1444 μάτων
430 1373 709 1443 γέμουσαν
746 1378 912 1428 πόλιν
951 1375 1280 1443 ἀναρπάζειῖ
2031 1437 2032 1444 ¹

316 1464 494 1531 <111>
536 1472 706 1516 ταῦτα
752 1462 930 1532 λέγων
982 1463 1010 1516 ὁ
1053 1459 1313 1531 Ἰώσηπος
1352 1461 1466 1533 μετ’
1513 1463 1762 1531 ὀδυρμοῦ
1801 1459 1891 1514 καὶ
1916 1481 1960 1516 15
2031 1448 2032 1458 ἵ

204 1552 461 1621 δακρύων
501 1555 690 1624 λυγμςό
732 1554 832 1621 τὴν
870 1553 1067 1621 φωνὴν
1108 1553 1351 1620 ἐνεκόπη.
1428 1552 1611 1620 <112>
1649 1550 1739 1604 καὶ
1765 1549 1892 1603 Ῥω-

203 1649 357 1708 μαῖοι
403 1637 504 1709 μὲν
553 1639 821 1711 ᾤκτειράν
868 1661 923 1693 τε
972 1648 1071 1694 τοῦ
1116 1641 1335 1704 πάθους
1376 1639 1467 1694 καὶ
1507 1648 1601 1708 τῆς
1638 1637 1893 1709 προαιρέ-

204 1742 340 1798 σεως
379 1728 548 1782 αὐτὸν
587 1727 936 1797 ἐθαύμασαν
978 1729 1037 1782 οί
1065 1726 1125 1782 δὲ
1156 1727 1281 1796 περὶ
1320 1731 1419 1783 τὸν
1451 1727 1718 1798 Ἰωάννην
1756 1747 1893 1796 παρ-

205 1816 484 1880 ωξύνοντο
539 1822 750 1886 μᾶλλον
806 1817 894 1871 ἐπὶ
947 1821 1077 1881 τοὺς
1116 1816 1435 1886 Ῥωμαίους,
1491 1817 1895 1886 ἐπιθυμοῦντες

204 1904 480 1975 ἐγκρατεῖς
525 1906 790 1973 γενέσθαι
836 1906 1110 1961 κάκείνου.
1187 1907 1368 1975 <113>
1406 1917 1524 1960 τῶν·
1555 1927 1616 1974 γε
1657 1908 1767 1975 μὴν
1806 1906 1894 1958 εὐ·
1919 1927 1962 1959 20

203 2004 382 2061 γενῶν
420 1998 661 2058 πολλοὺς
692 1994 945 2064 ἐκίνησεν
986 1996 1015 2050 ὁ
1056 1998 1233 2064 λόγος.
1288 1994 1380 2048 καὶ
1411 1993 1556 2058 τινὲς
1587 1992 1688 2064 μὲν
1721 1996 1894 2065 ὀρρω-

205 2083 434 2145 δοῦντες
485 2084 581 2146 τὰς
640 2086 890 2153 φυλακὰς
949 2094 1060 2138 τῶν
1116 2093 1458 2138 στασιαστῶν
1511 2085 1648 2138 κατὰ
1708 2085 1894 2154 χώραν

205 2173 427 2240 ἔμενον,
479 2170 754 2225 ἀπώλειαν
794 2172 983 2242 μέντοι
1022 2183 1180 2243 σφῶν
1217 2171 1264 2226 τ’
1311 2172 1495 2226 αὐτῶν
1534 2171 1626 2226 καὶ
1664 2180 1761 2240 τῆς
1798 2174 1895 2225 πό-

202 2263 339 2322 λεως
399 2262 840 2328 κατεγνώκεσαν·
921 2260 1027 2315 εἰσὶ
1091 2260 1141 2315 δ’
1204 2265 1262 2316 οἳ
1318 2264 1896 2331 καιροφυλακήσαντες

201 2348 394 2400 ἄδειαν
434 2347 857 2419 ἀναχωρήσεως,
897 2353 1035 2421 πρὸς
1071 2353 1202 2414 τοὺς
1234 2349 1533 2419 Ῥωμαίους
1563 2347 1895 2418 κατέφυγον.
1922 2368 1965 2401 25

199 2435 385 2506 <114>
436 2432 515 2489 ὧν
565 2433 708 2506 ἦσαν
758 2438 1028 2509 ἀρχιερεῖς
1081 2437 1183 2508 μὲν
1231 2435 1491 2509 Ἰώσηπός
1546 2458 1605 2491 τε
1653 2435 1746 2491 καὶ
1795 2435 1897 2506 Ἰη-

203 2533 364 2593 σοῦς,
403 2523 519 2579 υἱοὶ
560 2522 608 2579 δ’
648 2525 949 2596 ἀρχιερέων
995 2537 1142 2597 τρεῖς
1181 2524 1282 2596 μὲν
1317 2525 1610 2596 Ἰσμαήλου
1658 2535 1758 2579 τοῦ
1803 2545 1897 2578 κα-

201 2612 612 2683 ρατομηθέντος
665 2614 726 2668 ἐν
777 2618 1042 2686 Κυρήνῃ,
1097 2614 1188 2669 καὶ
1241 2623 1342 2668 τοῦ
1395 2617 1664 2668 Ματθίου
1717 2612 1898 2667 τέττα-

201 2721 318 2771 ρες,
363 2701 454 2755 καὶ
493 2695 572 2765 εἷς
611 2701 802 2774 ἑτέρου
840 2707 1108 2758 Ματθίου
1147 2713 1302 2772 παῖς,
1354 2703 1585 2774 διαδρὰς
1624 2703 1758 2771 μετὰ
1797 2703 1899 2771 τὴν

200 2797 300 2842 τοῦ
348 2792 554 2861 πατρὸς
599 2790 903 2860 ἀπώλειαν,
953 2791 1019 2845 ὃν
1059 2792 1088 2846 ὁ
1132 2800 1232 2846 τοῦ
1285 2793 1471 2862 Γιώρα
1522 2794 1720 2859 Σίμων
1771 2789 1899 2843 ἀπέ-
1924 2811 1968 2866 3⁰.

200 2897 379 2931 κτεινε
414 2882 521 2933 σὺν
558 2878 743 2950 τρισὶν
780 2880 944 2950 υἱοῖς,
984 2881 1057 2944 ὡς
1087 2883 1424 2950 προείρηται.
1479 2877 1676 2933 πολλοὶ
1717 2876 1777 2932 δὲ
1809 2877 1900 2932 καὶ

1392 2971 1410 2997 fi
