2032 3128
221 110 327 162 308
777 112 878 152 ΕΙΣ
908 111 1347 153 ΜΑΚΚΑΒΑῙΟΤΣ

221 250 414 312 θῶμεν
446 244 529 296 ὅτι
569 243 931 306 ἀπειθοῦντες
967 242 1364 312 τεθνηξόμεθα.
1436 244 1617 313 <104>
1657 247 1903 314 συγγνώ-

223 347 374 385 σεται
407 329 468 384 δὲ
498 331 631 400 ἡμῖν
662 329 752 384 καὶ
788 331 821 399 ἡ
853 334 982 383 θεία
1015 332 1138 398 δίκη
1173 330 1245 384 δι’
1271 331 1517 400 ἀνάγκην
1549 334 1647 386 τὸν
1677 333 1904 401 βασιλέα

221 423 535 489 φοβηθεῐσι.
604 422 662 472 τί
696 418 961 488 ἐξάγομεν
993 417 1223 483 ἑαυτοὺς
1253 427 1353 473 τοῦ
1393 420 1622 488 ἡδίστου
1654 425 1784 490 βίου
1814 420 1905 475 καὶ

222 508 633 576 ἀποστεροῦμεν
665 505 896 570 ἑαυτοὺς
927 515 1027 561 τοῦ
1066 508 1295 575 γλυκέος
1332 511 1565 578 κόσμου;
1605 511 1677 578 μὴ
1713 511 1906 579 βιαζώ-

222 601 367 665 μεθα
405 597 507 664 τὴν
547 595 811 665 ἀνάγκην,
859 593 997 664 μηδὲ
1043 595 1497 665 φιλοδοξήσωμεν
1537 596 1624 650 ε’πὶ
1670 606 1734 668 τῇ
1782 597 1906 651 ἑαυ-
1952 621 1972 651 5

221 693 332 737 τῶν
372 683 623 755 στρέβλῃ.
693 683 813 737 οὐδ’
843 685 1007 747 αὐτὸς
1046 684 1075 738 ὁ
1114 687 1284 753 νόμος
1324 683 1588 748 ἑκουσίως
1624 686 1764 755 ἡμᾶς
1804 692 1908 739 θα-

222 782 403 841 νατοῖ,
463 770 816 841 φοβηθέντας
868 772 933 825 τὰ
988 775 1403 843 βασανιστήρια.
1492 773 1675 842 <105>
1728 777 1908 828 πόθεν

221 861 355 930 ἡμῖν
385 860 417 928 ἡ
450 858 698 928 τοσαύτη
722 859 968 930 ἐντέτηκε
1000 864 1284 930 φιλονικία
1320 860 1412 915 καὶ
1451 862 1485 930 ἡ
1517 865 1910 931 θανατηφόρος

224 948 439 1018 ἀρέσκει
485 952 768 1018 καρτερία,
816 951 994 1020 παρὸν
1042 945 1160 1018 μετ’
1199 949 1385 1013 ἀδείας
1434 953 1528 1019 ζῆν
1575 957 1648 1022 τῷ
1696 952 1915 1019 βασιλεῖ
2031 977 2032 1017 1

224 1036 606 1101 πεισθέντας;’
648 1036 786 1090 ἀλλά
824 1038 1038 1091 τούτων
1071 1035 1239 1091 οὐδὲν
1279 1034 1436 1092 εἶπον
1467 1039 1527 1092 oc
1558 1041 1774 1091 νεανίαι
1812 1041 1910 1106 βα-
1935 1061 1976 1093 10

225 1128 545 1190 σανίζεσθαι
577 1123 885 1193 μέλλοντες,
918 1124 1040 1178 οὐδ’
1067 1125 1526 1194 ἐνεθυμήθησαν·
1560 1125 1740 1194 <106>
1769 1122 1912 1194 ἦσαν

224 1215 327 1284 γὰρ
389 1216 721 1284 περίφρονες
781 1224 892 1267 τῶν
946 1220 1146 1266 παθῶν
1200 1213 1290 1267 καὶ
1350 1215 1749 1285 αὐτοκράτορες
1800 1224 1912 1268 τῶν

223 1303 567 1372 ἀλγηδόνων,
623 1303 759 1354 ὥστε
815 1303 925 1371 ἅμα
978 1311 1054 1374 τῷ
1111 1304 1432 1355 παύσασθαι
1486 1303 1584 1355 τὸν
1635 1303 1914 1373 τύραννον

225 1391 677 1461 συμβουλεύοντα
717 1390 905 1453 αὐτοῖς
943 1399 1382 1460 μιαροφαγῆσαι,
1420 1392 1620 1454 πάντες
1658 1392 1750 1444 διὰ
1789 1399 1915 1460 μιᾶς

223 1488 413 1549 φωνῆς
445 1480 605 1547 ὁμοῦ,
646 1480 828 1547 ὥσπερ
861 1479 967 1533 ἀπὸ
1006 1487 1102 1548 τῆς
1139 1480 1307 1548 αὐτῆς
1345 1488 1550 1549 ψυχῆς,
1588 1476 1746 1534 εἷπον
1777 1481 1915 1549 πρὸς
1939 1501 1979 1534 15

224 1568 394 1620 αὐτόν
426 1568 609 1635 <107>
637 1568 720 1620 ςτί
747 1566 979 1636 μέλλεις,
1012 1565 1053 1621 ὦ
1083 1569 1348 1638 τύραννε;
1386 1567 1593 1636 ἕτοιμοι
1622 1569 1725 1636 γάρ
1751 1567 1915 1637 ε’σμεν

224 1655 620 1723 ἀποθνήσκειν,
675 1654 708 1723 ἢ
755 1658 1121 1724 παραβαίνειν
1169 1656 1264 1718 τὰς
1315 1659 1581 1724 πατρίους
1626 1656 1782 1725 ἡμῶν
1828 1656 1916 1709 ἐν-

223 1744 410 1806 τολάς·
451 1744 869 1813 αἰσχυνούμεθα
909 1745 1014 1812 γὰρ
1045 1743 1138 1797 καὶ
1171 1747 1301 1807 τοὺς
1332 1747 1646 1813 προγόνους
1676 1747 1917 1812 εἰκότως,

223 1834 276 1885 εἰ
312 1833 384 1901 μὴ
423 1838 486 1900 τῇ
526 1839 626 1885 τοῦ
665 1835 841 1900 νόμου
886 1833 1171 1903 εὐπειθείᾳ
1221 1831 1311 1885 καὶ
1362 1833 1658 1905 συμβούλῳ
1697 1836 1916 1902 Μωυσῇ

223 1922 558 1990 χρησόμεθα.
638 1921 819 1989 <108>
874 1922 946 1990 μὴ
1000 1922 1369 1990 συμβούλευε,
1423 1922 1687 1990 τύραννε,
1741 1939 1912 1988 παρα-
1936 1942 1981 1974 20

224 2012 432 2078 νομίας.
521 2010 592 2077 μὴ
648 2009 788 2077 ἡμᾶς
846 2019 1023 2078 μισῶν
1077 2006 1217 2079 ὑπὲρ
1275 2007 1506 2071 ἑαυτοὺς
1557 2008 1698 2077 ἡμᾶς
1752 2008 1915 2062 ε’λέει·

225 2098 603 2168 χαλεπώτερον
643 2098 745 2167 γὰρ
787 2097 958 2150 αὐτοῦ
997 2105 1097 2150 τοῦ
1144 2098 1394 2151 θανάτου
1439 2100 1732 2166 νομίζομεν
1773 2094 1923 2150 εἶναί

227 2200 330 2239 σου
392 2187 489 2239 τὸν
551 2183 637 2237 ἐπὶ
705 2193 770 2255 τῇ
839 2188 1140 2258 παρανόμῳ
1212 2189 1454 2257 σωτηρία
1522 2186 1678 2255 ἡμῶν
1748 2188 1920 2239 ἔλεον.

228 2274 408 2343 <109>
448 2273 699 2342 ἐκφοβεῐς
739 2271 799 2326 δὲ
850 2273 1010 2343 ἡμᾶς,
1058 2277 1156 2328 τὸν
1196 2276 1287 2328 διὰ
1336 2284 1446 2328 τῶν
1485 2275 1746 2343 βασάνων
1787 2274 1919 2343 ἡμῖν

226 2363 475 2416 θάνατον
507 2362 768 2430 ἀπειλῶν,
801 2363 983 2433 ὥσπερ
1018 2362 1142 2433 οὐχὶ
1173 2365 1280 2434 πρὸ
1315 2362 1547 2434 βραχέος
1577 2357 1707 2432 παρ’
1740 2361 1920 2415 Ἐλεα-
1946 2383 1987 2416 25

230 2452 394 2521 ζάρου
441 2452 655 2519 μαθών.
732 2453 784 2503 εἰ
829 2449 890 2504 δὲ
942 2453 999 2505 οἱ
1049 2451 1306 2522 γέροντες
1353 2461 1464 2505 τῶν
1509 2450 1781 2521 Ἑβραίων
1829 2452 1922 2504 διὰ

227 2542 328 2609 τὴν
366 2538 651 2607 εὐσέβειαν
697 2538 788 2592 καὶ
836 2543 1215 2610 βασανισμοὺς
1260 2542 1658 2610 ὑπομείναντες
1697 2538 1922 2609 εὐσέβη-

230 2642 352 2695 σαν,
400 2627 782 2697 ἀποθάνοιμεν
828 2628 896 2681 ἂν
938 2630 1284 2699 δικαιότερον
1333 2630 1488 2698 ἡμεῖς
1534 2630 1593 2682 οἱ
1635 2627 1782 2697 νέοι,
1828 2629 1923 2690 τὰς

229 2716 507 2784 βασάνους
559 2726 669 2769 τῶν
719 2726 834 2770 σῶν
881 2716 1139 2785 ἀναγκῶν
1193 2718 1573 2785 ὑπεριδόντες,
1631 2717 1696 2779 ἃς
1746 2715 1837 2769 καὶ
1892 2716 1922 2769 ὁ

229 2805 523 2872 παιδευτὴς
553 2805 708 2874 ἡμῶν
740 2804 920 2876 γέρων
951 2805 1183 2873 ἐνίκησε.
1242 2806 1424 2874 <110>
1455 2808 1673 2875 πείραζε
1703 2823 1923 2874 τοιγαρ-
1947 2825 1990 2857 3ο

233 2901 352 2960 οῦν,
410 2894 662 2962 τύραννε.
739 2892 830 2946 καὶ
884 2895 980 2957 τὰς
1033 2894 1191 2963 ἡμῶν
1244 2895 1424 2964 ψυχὰς
1477 2895 1530 2946 εἰ
1581 2894 1925 2955 θανατώσεις
