2032 3128
252 85 355 136 126
669 87 793 129 TOT
822 87 1163 129 IOTAAIKOT
1194 88 1502 130 ΠΟΛΕΜΟΥ

242 220 413 286 μηνὸς
452 219 650 287 ὀγδόη,
688 219 868 287 <408>
908 222 1065 273 πόλει
1104 221 1395 283 τοσαύταις
1432 217 1748 290 χρησαμένῃ
1789 233 1924 288 συμ-

240 315 439 374 φοραῖς
492 307 628 359 κατὰ
681 309 781 376 τὴν
827 310 1152 376 πολιορκίαν
1199 308 1351 370 ὅσοις
1405 307 1511 360 ἀπὸ
1557 314 1654 375 τῆς
1704 310 1929 370 κτίσεως

239 393 476 458 ἀγαθοῖς
521 394 824 464 κεχρημένη
872 396 1090 458 πάντως
1136 395 1205 449 ἂν
1254 395 1564 466 ἐπίφθονος
1606 396 1814 462 ἔδοξεν,
1860 395 1928 448 οὐ

239 482 349 548 μὴν
382 480 507 551 ἀξία
544 480 664 534 κατ’
697 484 832 535 ἄλλο
873 504 924 535 τι
964 492 1076 536 τῶν
1114 485 1456 550 τηλικούτων
1496 482 1858 553 ἀτυχημάτων
1893 482 1926 551 ἢ

236 570 297 621 τὸ
338 569 536 637 γενεὰν
574 571 836 638 τοιαύτην
877 569 1122 638 ἐνεγκεῖν
1161 568 1257 640 ὑφ’
1294 567 1359 638 ἧς
1396 571 1705 640 ἀνετράπη..
1974 593 1996 626 5

178 658 210 709 9
347 656 528 726 <409>
582 657 880 726 παρελθὼν
930 654 991 710 δὲ
1038 661 1196 721 Τίτος
1249 664 1378 711 εἵσω
1433 659 1499 711 τά
1552 657 1601 711 τ’
1642 660 1780 711 ἀλλα
1835 666 1930 727 τῆς

238 745 568 814 ὀχυρότητος
612 746 714 814 τὴν
751 748 915 799 πόλιν
957 744 1048 798 καὶ
1094 755 1206 799 τῶν
1243 747 1473 817 πύργων
1513 746 1927 814 ἀπεθαύμασεν,

238 833 334 895 οὓς
366 834 424 886 οἱ
457 834 724 903 τύραννοι
761 834 897 886 κατὰ
928 834 1371 903 φρενοβλάβειαν
1403 833 1687 887 ἀπέλιπον.
1746 834 1929 902 <410>

236 922 475 974 κατιδὼν
515 928 654 989 γοῦν
693 923 755 974 τό
795 940 852 974 τε
891 923 1098 974 ναστὸν
1139 921 1322 975 αὐτῶν
1361 923 1503 987 ὕψος
1541 920 1633 975 καὶ
1672 924 1733 975 τὸ
1773 920 1928 991 μέγε-

235 1014 341 1071 θος
386 1007 613 1078 ἑκάστης
657 1008 883 1079 πέτρας,
929 1012 1032 1078 τήν
1079 1008 1127 1062 τ’
1167 1009 1455 1078 ἀκρίβειαν
1500 1018 1596 1080 τῆς
1643 1010 1927 1081 ἁρμονίας,
1953 1035 1996 1066 10

234 1096 327 1150 καὶ
388 1097 511 1151 ὅσοι
564 1094 665 1166 μὲν
720 1094 881 1168 εὖρος
942 1098 1125 1166 ἡλίκοι
1188 1100 1240 1151 δ’
1289 1095 1433 1168 ἦσαν
1485 1100 1587 1167 τὴν
1642 1098 1927 1165 ἀνάτασιν,

237 1185 419 1255 <411>
461 1186 594 1239 εσὺν
632 1191 748 1257 θεῷ
789 1183 844 1254 γ’
876 1185 1316 1256 έπολεμήσαμεν’
1357 1189 1487 1256 ἔφη,
1527 1185 1647 1239 ρκαὶ
1684 1188 1820 1249 θεὸς
1857 1181 1927 1254 ἧν

236 1274 265 1327 ὁ
298 1276 473 1327 τῶνδε
506 1284 617 1327 τῶν
643 1274 930 1343 ἐρυμάτων
953 1273 1265 1338 Ἰουδαίους
1294 1277 1573 1345 καθελών,
1605 1272 1722 1328 ἐπεὶ
1753 1273 1929 1345 χεῖρές

233 1359 282 1414 τ’
314 1362 629 1430 ἀνθρώπων
678 1363 711 1432 ἢ
759 1361 999 1433 μηχαναὶ
1044 1366 1102 1416 τί
1149 1365 1287 1432 πρὸς
1332 1365 1564 1426 τούτους
1607 1366 1738 1426 τοὺς
1790 1363 1927 1433 πύρ-

233 1471 367 1519 γους
413 1451 735 1516 δύνανται;’
785 1452 968 1520 <412>
1013 1454 1135 1505 τότε
1181 1449 1284 1522 μὲν
1331 1448 1435 1506 οὖν
1480 1453 1657 1506 πολλὰ
1702 1459 1927 1506 τοιαῦτα
1953 1475 1996 1508 15

234 1539 492 1610 διελέχθη
540 1542 678 1609 πρὸς
722 1543 854 1603 τοὺς
900 1544 1127 1610 φίλους,
1180 1543 1311 1604 τοὺς
1365 1538 1427 1593 δὲ
1477 1550 1589 1594 τῶν
1634 1541 1927 1609 τυράννων

234 1630 515 1698 δεσμώτας
554 1632 612 1682 οἳ
651 1631 1082 1698 κατελήφθησαν
1123 1629 1184 1682 ἐν
1223 1639 1339 1693 τοῖς
1375 1632 1669 1700 φρουρίοις
1708 1629 1924 1698 ἀνῆκεν.

233 1717 415 1787 <413>
469 1713 639 1780 αὖθις
693 1715 756 1770 δὲ
808 1718 909 1786 τὴν
957 1719 1132 1787 ἀλλην
1181 1717 1464 1788 ἀφανίζων
1508 1720 1675 1771 πόλιν
1719 1717 1811 1771 καὶ
1861 1713 1957 1772 τά

230 1810 378 1876 τείχη
438 1807 834 1860 κατασκάπτων
890 1807 1122 1869 τούτους
1175 1809 1305 1870 τοὺς
1366 1807 1615 1876 πύργους
1674 1805 1926 1860 κατέλιπε

230 1903 499 1964 μνημεῖον
531 1892 676 1948 εἶναι
706 1902 801 1964 τῆς
833 1895 1004 1949 αὐτοῦ
1040 1896 1223 1966 τύχης,
1264 1889 1314 1965 ᾗ
1333 1896 1756 1963 συστρατιώτιδι
1795 1915 1925 1966 χρη·
1950 1919 1993 1950 20

231 1983 466 2052 σάμενος
505 1983 765 2053 ἐκράτησε
805 1993 917 2037 τῶν
957 1983 1167 2037 ἁλῶναι
1206 1985 1280 2053 μὴ
1322 1982 1664 2053 δυναμένων.

170 2085 196 2124 2
341 2072 523 2141 <414>
562 2070 677 2125 ἐπεὶ
718 2070 767 2125 δ’
800 2074 858 2125 οἱ
894 2082 1224 2141 στρατιῶται
1263 2069 1365 2141 μὲν
1398 2074 1640 2142 ἔκαμνον
1679 2074 1785 2141 ἤδη
1824 2092 1926 2142 φο-

228 2161 511 2225 νεύοντες,
559 2164 702 2214 πολὺ
744 2159 795 2213 δ’
826 2163 903 2214 ἔτι
944 2166 1161 2230 πλῆθος
1198 2170 1310 2214 τῶν
1349 2164 1658 2231 περιόντων
1699 2161 1926 2231 ἀνεφαί-

228 2269 379 2318 νετο,
425 2250 635 2302 κελεύει
676 2252 893 2318 Καῖσαρ
941 2253 1147 2319 μόνους
1193 2247 1296 2319 μὲν
1341 2249 1473 2312 τοὺς
1519 2249 1788 2312 ἐνόπλους
1833 2247 1925 2302 καὶ

227 2348 412 2408 χεῖρας
473 2338 830 2408 ἀντίσχοντας
892 2343 1155 2408 κτείνειν,
1217 2340 1280 2392 τὸ
1335 2336 1397 2392 δὲ
1460 2340 1657 2392 λοιπὸν
1709 2341 1925 2406 πλῆθος
1949 2360 1992 2392 25

229 2429 473 2497 ζωγρεῖν.
543 2426 728 2496 <415>
764 2430 820 2480 οἳ
858 2425 918 2480 δὲ
959 2429 1093 2497 μετὰ
1131 2437 1242 2481 τῶν
1274 2425 1742 2497 παρηγγελμένων
1773 2428 1836 2480 τό
1867 2446 1923 2479 τε

226 2517 460 2586 γηραιὸν
505 2514 597 2569 καὶ
646 2515 776 2578 τοὺς
830 2516 1089 2580 ἀσθενεῖς
1145 2515 1421 2586 ἀνῄρουν,
1475 2518 1537 2569 τὸ
1593 2513 1641 2567 δ’
1684 2514 1923 2584 ἀκμάζον

224 2603 314 2657 καὶ
355 2606 626 2675 χρήσιμον
658 2606 737 2667 εἰς
775 2606 836 2658 τὸ
871 2606 1022 2674 ἱερὸν
1063 2605 1466 2667 συνελάσαντες
1505 2602 1922 2672 ἐγκατέκλεισαν

223 2700 297 2762 τῷ
336 2702 448 2746 τῶν
487 2702 769 2762 γυναικῶν
809 2697 1263 2763 περιτειχίσματι·
1311 2693 1494 2763 <416>
1538 2690 1630 2746 καὶ
1669 2693 1922 2762 φρουρὸν

222 2778 325 2850 μὲν
373 2780 634 2849 ἐπέστησε
682 2784 898 2852 Καῖσαρ
956 2782 1054 2835 ἕνα
1108 2791 1219 2836 τῶν
1273 2780 1684 2849 ἀπελευθέρων,
1739 2782 1920 2850 Φρόν-
1945 2802 1989 2834 30
2031 2804 2032 2828 ξ

221 2888 370 2922 τωνα
418 2866 479 2923 δὲ
525 2879 635 2923 τῶν
671 2873 863 2940 φίλων
910 2870 1302 2942 ἐπικρινοῦντα
1352 2871 1456 2939 τὴν
1503 2869 1663 2934 ἀξίαν
1712 2866 1920 2941 ἑκάστω
