2032 3128
690 74 901 116 ΛΟΓΟΣ
930 74 1232 116 ΠΕΜΠΤΟΣ
1730 72 1799 124 29

66 209 71 212 ’
122 208 200 268 είς
238 213 414 276 ψυχῆς
452 204 567 259 οὔτ’
601 208 679 269 είς
716 207 973 275 ὀμμάτων
1012 206 1268 274 ἔκπληξιν
1300 204 1570 259 ἀπέλειπε.
1639 205 1801 271 πλαξὶ

122 294 227 362 γὰρ
282 301 492 363 χρυσοῦ
538 297 821 364 στιβαραῖς
870 294 1278 364 κεκαλυμμένος
1331 295 1639 362 πάντοθεν,
1693 295 1801 348 ὑπὸ

122 382 216 444 τὰς
253 383 471 451 πρώτας
505 381 774 445 ἀνατολὰς
803 382 1229 453 πυρωδεστάτην
1263 382 1574 436 ἀπέπαλλεν
1606 382 1803 451 αὐγήν,

122 469 212 523 καὶ
257 480 368 522 τῶν
416 469 754 539 βιαζομένων
798 473 939 524 ἰδεῖν
985 471 1080 534 τὰς
1126 472 1281 535 ὄψεις
1327 472 1507 540 ὥσπερ
1554 471 1803 539 ἡλιακαῖς

25 559 28 562 ’
80 580 100 612 5
124 558 336 612 ἀκτῖσιν
374 558 689 629 ἀπέστρεφε.
765 559 945 629 <223>
983 569 1097 622 τοῖς
1135 579 1196 627 γε
1236 561 1346 629 μὴν
1384 558 1803 628 είσαφικνουμέ-

122 667 240 710 νοις
278 646 454 711 ξένοις
490 651 787 717 πόρρωθεν
818 648 1007 718 ὅμοιος
1046 649 1162 719 ὄρει
1201 651 1387 718 χιόνος
1424 650 1618 717 πλήρει
1652 667 1804 701 κατε-

122 738 372 803 φαίνετο·
412 733 503 788 καὶ
541 737 646 804 γὰρ
678 734 810 789 καθ’
842 737 875 789 ἃ
911 737 984 805 μὴ
1023 737 1334 806 κεχρύσωτο
1367 738 1689 798 λευκότατος
1719 733 1803 804 ἧν.

121 823 303 893 <224>
348 825 484 877 κατὰ
532 826 788 894 κορυφὴν
829 822 890 878 δὲ
934 832 1173 895 χρυσοῦς
1218 824 1448 893 ὀβελοὺς
1493 824 1674 894 ἀνεῖχε
1721 843 1804 876 τε-

121 911 456 981 θηγμένους,
491 913 564 975 ὡς
595 915 669 981 μή
699 933 810 966 τινι
841 912 1333 986 προσκαθεζομένῳ
1367 913 1663 981 μολύνοιτο
1695 921 1805 965 τῶν

25 1022 99 1053 >10
123 999 347 1071 ὀρνέων.
409 1010 519 1053 τῶν
552 996 601 1053 δ’
634 1001 694 1054 ἐν
725 1002 871 1074 αὐτῷ
910 1005 1092 1054 λίθων
1130 1004 1270 1055 ἔνιοι
1309 1008 1479 1070 μῆκος
1515 999 1676 1053 πέντε
1715 999 1804 1053 καὶ

121 1089 517 1156 τετταράκοντα
555 1092 775 1159 πήχεων
807 1086 966 1158 ἦσαν,
1003 1090 1145 1154 ὕψος
1175 1091 1394 1160 πήχεων
1424 1088 1605 1158 πέντε,
1645 1084 1807 1159 εὖρος

122 1174 171 1228 δ’
203 1176 273 1240 ἕξ.
335 1177 514 1246 <225>
552 1180 658 1248 πρὸ
691 1178 863 1232 αὐτοῦ
903 1176 958 1231 δ’
989 1179 1017 1232 ὁ
1057 1180 1241 1248 βωμὸς
1277 1178 1666 1231 πεντεκαίδεκα
1705 1174 1807 1245 μὲν

120 1266 261 1329 ὕψος
307 1262 376 1334 ἧν
415 1269 652 1335 πήχεων,
698 1263 861 1338 εὖρος
904 1264 965 1320 δὲ
1012 1266 1103 1320 καὶ
1150 1275 1320 1337 μῆκος
1365 1266 1624 1319 ἐκτείνων
1666 1270 1807 1334 ἴσον,

122 1353 239 1406 ἀνὰ.
263 1357 604 1423 πεντήκοντα
647 1358 851 1426 πήχεις.
926 1356 1268 1425 τετράγωνος
1308 1352 1358 1408 δ’
1390 1356 1603 1424 ἵδρυτο,
1649 1374 1805 1419 κερα-

56 1462 98 1494 15
121 1444 352 1505 τοειδεῖς
382 1442 705 1514 προανέχων
736 1447 958 1512 γωνιάς,
989 1444 1130 1498 κάπὸ
1162 1447 1501 1515 μεσημβρίας
1533 1438 1618 1496 ἐπ’
1638 1442 1809 1496 αὐτὸν

121 1531 325 1593 ἄνοδος
369 1531 543 1600 ἠρέμα
588 1533 901 1602 προσάντης
940 1534 1219 1587 ὑπτίαστο.
1297 1527 1726 1600 κατεσκευάσθη
1752 1529 1803 1583 δ’

120 1619 256 1671 ἄνευ
311 1621 570 1689 σιδήρου,
630 1620 722 1674 καὶ
776 1619 1033 1676 οὐδέποτ’
1079 1624 1284 1686 ἔψαυεν
1337 1622 1510 1675 αὐτοῦ
1570 1622 1810 1688 σίδηρος.

120 1706 301 1777 <226>
338 1708 656 1779 περιέστεφε
691 1707 752 1762 δὲ
790 1713 887 1763 τόν
918 1730 975 1763 τε
1014 1712 1154 1764 ναὸν
1184 1710 1275 1764 καὶ
1314 1712 1411 1763 τὸν
1443 1711 1633 1779 βωμὸν
1665 1709 1812 1762 εὔλι-

120 1798 231 1848 θόν
285 1816 336 1849 τι
389 1795 477 1850 καὶ
533 1802 722 1867 χαρίεν
769 1802 1000 1868 γείσιον,
1055 1799 1190 1853 ὅσον
1236 1809 1512 1868 πηχυαῖον
1556 1797 1725 1866 ὕψος,
1781 1796 1810 1849 ὃ

10 1946 14 1949 ,
55 1907 99 1940 20
123 1885 363 1954 διεῖργεν
403 1885 644 1956 ἐξωτέρω
691 1888 786 1940 τὸν
828 1889 1005 1956 δῆμον
1046 1887 1151 1942 ἀπὸ
1190 1897 1306 1958 τῶν
1348 1885 1556 1956 ἱερέων.
1632 1886 1813 1955 <227>

121 1977 471 2044 γονορροίοις
516 1972 619 2043 μὲν
659 1976 728 2045 δὴ
776 1975 868 2029 καὶ
913 1981 1135 2046 λεπροῖς
1184 1976 1217 2044 ἡ
1264 1978 1424 2039 πόλις
1472 1975 1600 2044 ὅλη,
1646 1977 1707 2028 τὸ
1757 1972 1805 2028 δ’

125 2063 275 2131 ἱερὸν
315 2072 597 2130 γυναικῶν
636 2063 922 2133 ἐμμηνιόις
960 2064 1363 2132 ἀπεκέκλειστο,
1407 2068 1712 2135 παρελθεῖν
1752 2062 1813 2116 δὲ

121 2152 346 2214 ταύταις
414 2149 547 2205 οὐδὲ
615 2158 887 2223 καθαραῖς
949 2152 1076 2223 ἐξῆν
1138 2153 1204 2206 ὃν
1263 2156 1599 2224 προείπομεν
1662 2152 1813 2223 ὅρον.

123 2238 347 2308 ἀνδρῶν
396 2238 444 2293 δ’
485 2241 543 2293 οἱ
589 2242 661 2310 μὴ
709 2243 846 2294 κατὰ
892 2249 1004 2296 πᾶν
1050 2242 1377 2310 ἡγνευκότες
1421 2247 1674 2311 εἴργοντο
1721 2248 1815 2309 τῆς

56 2350 98 2383 25
125 2328 290 2380 ἔνδον
329 2328 518 2398 αὐλῆς,
555 2327 648 2382 καὶ
687 2339 799 2382 τῶν
833 2330 1025 2399 ἱερέων
1063 2331 1231 2384 πάλιν
1265 2331 1323 2384 οἱ
1357 2331 1430 2399 μὴ
1469 2330 1815 2399 καθαρεύον-

26 2460 30 2464 .
121 2436 209 2479 τες
256 2423 520 2487 εἴργοντο.
598 2418 778 2486 <228>
824 2429 936 2472 τῶν
980 2415 1030 2472 δ’
1060 2419 1166 2473 ἀπὸ
1213 2418 1411 2494 γένους
1459 2417 1653 2489 ἱερέων
1692 2418 1814 2471 ὅσοι

124 2505 216 2557 διὰ
262 2508 513 2574 πήρωσιν
552 2506 653 2558 οὐκ
702 2506 1112 2577 ἐλειτούργουν,
1159 2508 1411 2578 παρῆσάν
1449 2504 1513 2560 θ’
1546 2507 1657 2576 ἅμα
1703 2514 1819 2568 τοῖς

123 2591 446 2663 ὁλοκλήροις
500 2594 769 2663 ἐνδοτέρω
823 2603 924 2648 τοῦ
979 2599 1217 2665 γεισίου,
1270 2595 1363 2649 καὶ
1416 2597 1510 2658 τὰς
1564 2594 1670 2648 ἀπὸ
1717 2602 1817 2648 τοῦ

124 2680 321 2750 γένους
362 2681 676 2752 ἐλάμβανον
716 2686 961 2754 μερίδας,
999 2695 1117 2748 ταῖς
1154 2705 1215 2753 γε
1256 2687 1365 2755 μὴν
1398 2684 1633 2752 ἐσθῆσιν
1666 2683 1818 2736 ι’διω-

57 2793 100 2824 30
124 2778 299 2833 τικαῖς
346 2771 610 2841 έχρῶντο’
659 2774 760 2841 τὴν
800 2774 904 2844 γὰρ
946 2774 1101 2843 ἱεράν
1141 2775 1170 2829 ὁ
1211 2779 1549 2843 λειτουργῶν
1587 2771 1819 2842 ἠμφιέν-

125 2878 259 2912 νυτο
307 2863 489 2929 μόνος.
566 2861 746 2930 <229>
787 2860 876 2915 ἐπὶ
923 2859 985 2915 δὲ
1029 2864 1091 2916 τὸ
1138 2860 1545 2932 θυσιαστήριον
1583 2860 1675 2916 καὶ
1721 2863 1820 2915 τὸν
