2032 3128
174 102 283 153 232
782 103 941 144 ΚΑΤΑ
971 101 1248 144 ΑΠῙΩΝΟΣ

179 238 533 305 ψευδόμενος.
603 237 663 289 οἱ
704 236 807 306 γὰρ
854 235 1045 304 λεπροὶ
1090 233 1181 287 καὶ
1227 237 1289 289 τὸ
1337 232 1453 304 μετ’
1495 235 1676 289 αὐτῶν
1723 241 1855 306 πλῆ-

176 330 280 387 θος
329 326 379 376 εἰ
421 322 511 377 καὶ
557 326 827 393 πρότερον
875 323 1170 392 ὠργίζοντο
1217 332 1292 395 τςό
1339 327 1559 392 βασιλεῖ
1610 322 1701 377 καὶ
1747 334 1859 386 τοῖς

177 413 242 464 τὰ
280 410 405 480 περὶ
444 412 645 474 αὐτοὺς
675 413 1001 480 πεποιηκόσι
1038 411 1171 464 κατὰ
1213 410 1317 480 [τε]
1354 411 1455 479 τὴν
1486 418 1586 465 τοῦ
1619 411 1861 480 μάντεως

176 501 601 570 προαγόρευσιν,
650 498 765 553 ἀλλ’
806 499 894 551 ὅτε
942 507 1052 552 τῶν
1099 503 1438 567 λιθοτομιῶν
1486 499 1724 567 ἐξῆλθον
1769 497 1860 552 καὶ

175 591 338 642 πόλιν
378 586 503 658 παρ’
543 588 715 642 αὐτοῦ
762 585 853 640 καὶ
894 588 1079 657 χώραν
1119 589 1339 656 ἔλαβον,
1384 588 1602 651 πάντως
1639 588 1708 642 ἂν
1748 588 1858 656 ἐγε-
1909 611 1929 643 5

176 679 435 744 γόνεισαν
463 678 756 747 πρᾳότεροι
786 677 924 745 πρὸς
954 675 1139 728 αὐτόν.
1194 675 1377 743 <268>
1410 677 1463 728 εἰ
1492 673 1554 729 δὲ
1585 677 1652 745 δὴ
1684 676 1859 730 κάκεῖ-

176 785 279 819 νον
320 764 568 834 ἐμίσουν,
617 765 731 836 ἰδίᾳ
777 761 879 833 μὲν
918 762 988 817 ἂν
1027 763 1175 835 αὐτῷ
1218 763 1606 833 ἐπεβούλευον,
1651 764 1752 818 οὐκ
1794 764 1863 818 ἂν

178 850 239 906 δὲ
284 855 421 923 πρὸς
469 854 710 916 ἅπαντας
756 854 961 923 ἤραντο
1000 855 1260 921 πόλεμον,
1309 852 1568 921 δηλονότι
1611 856 1865 916 πλείστας

179 944 393 1010 ἔχοντες
454 945 799 1011 συγγενείας,
859 943 1120 995 τοσοῦτοί
1175 960 1236 1008 γε
1300 942 1361 994 τὸ
1421 946 1635 1010 πλῆθος
1697 943 1865 1005 ὄντες.

179 1031 359 1100 <269>
399 1030 544 1099 ὅμως
583 1027 644 1082 δὲ
683 1028 774 1083 καὶ
812 1039 928 1093 τοῖς
970 1029 1292 1100 ἀνθρώποις
1337 1034 1598 1098 πολεμεῖν
1638 1032 1865 1098 διεγνω-
1893 1053 1935 1084 ιο

178 1122 334 1182 κότες
366 1119 467 1172 οὐκ
499 1117 569 1172 ἂν
599 1120 737 1188 πρὸς
767 1121 896 1181 τοὺς
927 1118 1109 1171 αὑτῶν
1140 1120 1311 1181 θεοὺς
1349 1122 1610 1187 πολεμεῖν
1642 1118 1867 1188 ἐτόλμη-

180 1223 302 1276 σαν,
335 1205 456 1261 οὐδ’
476 1207 986 1270 ὑπεναντιωτάτους
1016 1209 1213 1260 ἔθεντο
1242 1209 1449 1275 νόμους
1474 1216 1590 1269 τοῖς
1618 1210 1869 1276 πατρίοις

179 1296 362 1349 αὑτῶν
409 1293 500 1349 καὶ
547 1288 630 1358 οἷς
678 1294 1073 1365 ἐνετράφησαν.
1156 1294 1336 1364 <270>
1384 1295 1474 1348 δεῖ
1520 1290 1570 1347 δ’
1607 1295 1747 1364 ἡμᾶς
1791 1303 1865 1366 τςό

180 1387 491 1438 Μανεθῶνι
522 1384 685 1454 χάριν
717 1386 863 1454 ἔχειν
896 1383 979 1437 ὅτι
1011 1384 1212 1452 ταύτης
1242 1391 1339 1452 τῆς
1369 1387 1714 1452 παρανομίας
1745 1382 1869 1453 οὐχὶ
1922 1434 1927 1438 .

180 1475 307 1536 τοὺς
366 1471 419 1536 ἐξ
474 1470 875 1542 Ἱεροσολύμων
938 1472 1206 1535 ἐλθόντας
1268 1471 1543 1542 ἀρχηγοὺς
1604 1471 1868 1540 γενέσθαι
1894 1493 1937 1527 15

178 1565 375 1630 φησίν,
431 1556 551 1614 ἀλλ’
589 1561 790 1623 αὐτοὺς
845 1561 1091 1624 ἐκείνους
1145 1562 1307 1624 ὄντας
1358 1563 1725 1631 Αἰγυπτίους,
1779 1561 1870 1615 καὶ

178 1651 390 1703 τούτων
438 1650 669 1719 μάλιστα
716 1652 844 1712 τοὺς
896 1648 1071 1718 ἱερέας
1119 1648 1411 1718 ἐπινοῆσαί
1458 1669 1514 1703 τε
1562 1657 1732 1703 ταῦτα
1779 1649 1869 1704 καὶ

180 1739 561 1808 ὁρκωμοτῆσαι
612 1741 674 1792 τὸ
729 1743 958 1807 πλῆθος.
1043 1739 1227 1807 <271>
1283 1737 1460 1792 ἐκεῖνο
1515 1738 1703 1808 μέντοι
1756 1749 1871 1801 πῶς

180 1827 281 1881 οὐκ
328 1828 551 1895 ἄλογον,
601 1836 712 1880 τῶν
758 1824 860 1895 μὲν
900 1829 1120 1880 οἰκείων
1167 1827 1354 1890 αὐτοῖς
1400 1825 1492 1880 καὶ
1536 1836 1647 1880 τῶν
1687 1831 1870 1897 φίλων

182 1923 592 1985 συναποστῆναι
626 1914 849 1984 οὐδένα,
889 1913 1028 1985 μηδὲ
1062 1923 1164 1970 τοῦ
1194 1916 1439 1985 πολέμου
1470 1917 1569 1969 τὸν
1600 1917 1869 1970 κίνδυνον
1895 1938 1938 1970 20

182 2005 550 2074 συνάρασθαι,
595 2003 805 2073 πέμψαι
846 2001 907 2057 δὲ
945 2007 1074 2067 τοὺς
1113 2006 1347 2075 μιαροὺς
1385 2006 1463 2067 εἰς
1497 2002 1870 2074 Ἱεροσόλυμα,

180 2092 271 2146 καὶ
318 2094 418 2162 τὴν
464 2091 593 2163 παρ’
638 2092 867 2146 ἐκείνων
915 2092 1222 2161 ἐπάγεσθαι
1276 2096 1604 2164 συμμαχίαν.
1688 2094 1868 2163 <272>

180 2185 339 2245 ποίας
370 2181 557 2245 αὐτοῖς
586 2185 772 2251 φιλίας
811 2181 844 2250 ἢ
883 2184 1033 2245 τίνος
1071 2182 1258 2245 αὐτοῖς
1289 2184 1620 2251 οἰκειότητος
1658 2192 1869 2254 προϋπ-

181 2269 482 2342 ηργμένης;
550 2271 880 2324 τούναντίον
934 2272 1038 2339 γὰρ
1100 2267 1244 2340 ἦσαν
1296 2269 1549 2340 πολέμιοι
1612 2270 1702 2324 καὶ
1756 2281 1872 2335 τοῖς

183 2362 338 2413 ἔθεσι
369 2363 629 2413 πλεῖστον
661 2359 937 2432 διέφερον.
993 2359 1022 2413 ὃ
1055 2359 1122 2413 δέ
1149 2374 1324 2429 φησιν
1354 2359 1530 2423 εὐθὺς
1559 2360 1871 2414 ὑπακοῦσαι
1897 2380 1938 2413 25

182 2458 296 2511 τοῖς
356 2447 819 2518 ὑπισχνουμένοις
880 2449 964 2502 ὅτι
1017 2449 1119 2517 τὴν
1172 2453 1460 2516 Αἴγυπτον
1516 2447 1874 2518 καθέξουσιν,

183 2538 365 2607 ὥσπερ
406 2536 589 2590 αὐτῶν
621 2537 688 2591 οὐ
721 2539 939 2607 σφόδρα
970 2546 1066 2607 τῆς
1104 2538 1284 2608 χώρας
1316 2537 1583 2606 ἐμπείρως
1615 2536 1873 2606 ἐχόντων,

185 2622 246 2694 ἧς
285 2624 611 2694 βιασθέντες
649 2625 1072 2680 έκπεπτώκασιν.
1150 2625 1332 2695 <273>
1371 2627 1423 2679 εἰ
1459 2622 1560 2695 μὲν
1600 2621 1703 2679 οὗν
1739 2625 1871 2679 ἀπό-

185 2735 293 2783 ρως
339 2713 371 2783 ἢ
419 2724 598 2778 κακῶς
648 2716 941 2784 ἔπραττον,
997 2720 1127 2778 ἴσως
1172 2714 1242 2768 ἂν
1287 2713 1378 2768 καὶ
1431 2715 1872 2783 παρεβάλλοντο·

183 2806 347 2857 πόλιν
397 2800 458 2856 δὲ
507 2811 890 2866 κατοικοῦντες
935 2804 1237 2873 εὐδαίμονα
1282 2801 1372 2856 καὶ
1426 2804 1614 2874 χώραν
1660 2804 1872 2872 πολλὴν
1897 2825 1941 2857 30

183 2895 411 2961 κρείττω
459 2899 553 2961 τῆς
599 2893 887 2961 Αἰγύπτου
942 2893 1341 2963 καρπούμενοι,
1398 2893 1489 2945 διὰ
1535 2895 1593 2946 τί
1641 2891 1761 2945 ποτ’
1803 2890 1872 2945 ἂν
