2032 3128
89 626 143 665 33

176 127 284 178 236
781 130 940 169 ΚΑΤΑ
970 128 1246 171 ΑΠΙΩΝΟΣ

179 261 247 328 ἣν
287 259 672 330 κρυπτομένην
704 263 764 314 ἕν
802 275 912 314 τισι
947 265 1235 330 σπηλαίοις
1272 271 1448 315 τεκεῖν
1479 263 1647 315 παῖδα
1687 265 1861 332 ὄνομα

170 347 488 418 Ῥαμέσσην,
546 349 612 402 ὃν
666 348 1027 418 ἀνδρωθέντα
1078 349 1331 413 ἐκδιῶξαι
1383 353 1512 413 τοὺς
1559 349 1863 414 Ἰουδαίους

176 438 255 499 εἰς
291 438 395 505 τὴν
433 441 668 505 Συρίαν,
716 439 878 500 ὄντας
914 436 1038 506 περὶ
1077 443 1250 491 εἴκοσι
1289 438 1584 508 μυριάδας,
1633 437 1724 492 καὶ
1762 441 1861 492 τὸν

177 525 383 594 πατέρα
423 521 733 594 Ἀμένωφιν
773 525 832 578 ἐκ
871 533 964 594 τῆς
1002 528 1305 588 Αἰθιοπίας
1342 526 1755 590 καταδέξασθαι.

287 613 470 682 <293>
503 612 595 666 καὶ
625 623 793 667 ταῦτα
824 611 925 683 μὲν
954 614 982 667 6
1005 617 1321 684 Χαιρήμων.
1366 610 1518 683 οἶμαι
1550 614 1598 667 δ’
1622 616 1862 669 αὐτόθεν
1906 637 1933 670 5

175 702 423 772 φανερὰν
467 698 609 755 εἶναι
658 701 716 755 ἐκ
761 711 872 755 τῶν
912 701 1218 772 εἰρημένων
1254 704 1356 771 τὴν
1404 702 1615 772 ἀμφοῖν
1660 705 1857 767 ψευδο-

175 793 387 858 λογίαν.
448 790 711 859 ἀληθείας
742 788 843 860 μὲν
875 791 979 861 γάρ
1011 811 1161 853 τινος
1191 790 1554 860 ὑποκειμένης
1585 790 1863 845 ἀδύνατον

175 874 245 946 ἦν
277 879 582 948 διαφωνεῖν
614 877 702 932 ἐπὶ
732 887 1025 933 τοσοῦτον·
1066 880 1125 932 οἰ
1160 876 1221 932 δὲ
1258 880 1324 932 τὰ
1353 881 1533 948 ψευδῆ
1574 879 1863 933 συντιθέν·

174 986 261 1030 τες
311 966 411 1036 οὐχ
459 965 665 1037 ἑτέροις
715 969 989 1036 σύμφωνα
1038 968 1342 1037 γράφουσι,
1396 966 1516 1021 ἀλλ’
1562 969 1750 1031 αὑτοῖς
1798 969 1864 1020 τὰ

175 1054 411 1119 δόξαντα
442 1055 791 1109 πλάττουσιν.
850 1056 1034 1125 <294>
1060 1057 1266 1118 ἐκεῖνος
1296 1054 1398 1125 μὲν
1431 1052 1534 1110 οὖν
1560 1056 1863 1125 ἐπιθυμίαν
1890 1078 1933 1110 ιο

175 1151 273 1197 τοῦ
311 1142 580 1212 βασιλέως
624 1146 717 1197 ἵνα
763 1147 892 1207 τοὺς
936 1147 1107 1207 θεοὺς
1152 1146 1243 1215 ἴδῃ
1289 1143 1463 1213 φησὶν
1503 1145 1676 1214 ἀρχὴν
1714 1144 1864 1213 γενέ-

176 1237 311 1285 σθαι
357 1240 452 1301 τῆς
498 1242 608 1285 τῶν
648 1241 861 1302 μιαρῶν
901 1232 1156 1302 ἐκβολῆς,
1205 1233 1234 1286 6
1275 1229 1336 1286 δὲ
1378 1236 1678 1303 Χαιρήμων
1719 1234 1864 1287 ἴδιον

175 1320 249 1383 ὡς
286 1327 383 1388 τῆς
413 1318 616 1383 Ἴσιδος
655 1320 919 1374 ἐνύπνιον
955 1319 1326 1375 συντέθεικεν.
1396 1319 1577 1389 <295>
1614 1320 1865 1384 κάκεῖνος

175 1406 275 1477 μὲν
308 1406 618 1478 Ἀμένωφιν
657 1405 802 1462 εἶναι
838 1408 989 1478 λέγει
1027 1411 1125 1463 τὸν
1163 1413 1500 1477 προειπόντα
1537 1417 1613 1482 τῷ
1650 1413 1869 1479 βασιλεῖ

175 1499 271 1551 τὸν
318 1499 629 1566 καθαρμόν,
680 1493 843 1560 οὗτος
889 1494 951 1550 δὲ
993 1498 1389 1567 Φριτιφάντην.
1467 1499 1496 1552 6
1542 1496 1603 1551 δὲ
1650 1499 1719 1566 δὴ
1765 1506 1865 1551 τοῦ
1891 1519 1935 1553 15

173 1588 427 1654 πλήθους
464 1586 704 1655 ἀριθμὸς
741 1584 833 1638 καὶ
866 1587 1083 1656 σφόδρα
1123 1588 1418 1655 σύνεγγυς,
1457 1587 1599 1640 ὀκτὼ
1631 1584 1733 1656 μὲν
1763 1607 1865 1656 μυ-

175 1675 368 1743 ριάδας
414 1674 630 1728 ἐκείνου
678 1673 959 1743 λέγοντος,
1013 1676 1214 1728 τούτου
1255 1672 1317 1728 δὲ
1359 1675 1520 1728 πέντε
1566 1675 1703 1746 πρὸς
1749 1685 1867 1738 ταῖς

176 1768 397 1816 εἴκοσιν.
474 1764 658 1832 <296>
699 1766 776 1816 ἔτι
819 1766 1014 1817 τοίνυν
1054 1764 1083 1817 6
1124 1761 1226 1833 μὲν
1265 1765 1555 1817 Μανεθὼν
1593 1767 1866 1834 πρότερον

174 1853 252 1914 εἰς
290 1853 384 1915 τὰς
424 1855 747 1922 λιθοτομίας
784 1855 914 1914 τοὺς
952 1855 1187 1922 μιαροὺς
1225 1852 1498 1922 ἐμβαλών,
1542 1849 1643 1906 εἶτ’
1680 1853 1867 1915 αὐτοῖς

174 1941 274 2009 τὴν
315 1941 528 2011 Αὔαριν
561 1942 694 2004 δοὺς
733 1940 1070 2008 ἐγκατοικεῖν
1104 1940 1196 1994 καὶ
1227 1942 1292 1994 τὰ
1323 1944 1462 2012 πρὸς
1497 1944 1628 2004 τοὺς
1663 1943 1865 2004 ἄλλους
1889 1963 1934 1995 20

174 2030 514 2097 Αἰγυπτιόυς
540 2028 937 2098 ἐκπολεμώσας,
965 2031 1087 2083 τότε
1115 2029 1286 2099 φησὶν
1311 2028 1741 2084 ἐπικαλέσασθαι
1764 2032 1866 2100 τὴν

173 2119 321 2187 παρὰ
367 2125 478 2170 τῶν
516 2115 969 2188 Ἱεροσολυμιτῶν
1016 2119 1217 2181 αὐτοὺς
1260 2119 1605 2187 ἐπικουρίαν·
1683 2120 1866 2189 <297>

176 2207 204 2260 6
261 2204 322 2259 δὲ
378 2209 677 2275 Χαιρήμων
738 2206 1252 2276 ἀπαλλαττομένους
1314 2207 1373 2260 ἐκ
1429 2215 1525 2276 τῆς
1578 2210 1866 2276 Αἰγύπτου

174 2293 298 2365 περὶ
339 2296 665 2363 Πηλούσιον
711 2297 896 2365 εὑρεῖν
936 2296 1076 2349 ὀκτὼ
1124 2295 1216 2349 καὶ
1254 2297 1549 2366 τριάκοντα
1593 2298 1867 2367 μυριάδας

175 2382 492 2452 ἀνθρώπων
534 2383 1023 2454 καταλελειμμένας
1068 2385 1175 2438 ὑπὸ
1215 2393 1315 2439 τοῦ
1358 2383 1720 2455 Ἀμενώφιος,
1773 2384 1864 2439 καὶ
1891 2404 1934 2438 25

175 2469 288 2540 μετ’
322 2471 548 2525 ἐκείνων
587 2472 755 2525 πάλιν
788 2475 864 2536 εἰς
898 2475 1000 2542 τὴν
1029 2478 1316 2541 Αἴγυπτον
1348 2473 1625 2543 ἐμβαλεῖν,
1665 2482 1866 2542 φυγεῖν

177 2557 239 2613 δὲ
277 2562 375 2614 τὸν
407 2559 719 2630 Ἀμένωφιν
760 2563 837 2624 εἰς
875 2562 975 2629 τὴν
1008 2563 1334 2615 Αἰθιοπίαν.
1396 2562 1577 2631 <298>
1608 2564 1669 2615 τὸ
1703 2559 1764 2615 δὲ
1797 2564 1865 2631 δὴ

176 2652 585 2718 γενναιότατον,
618 2645 751 2703 οὐδὲ
774 2652 921 2712 τίνες
950 2649 983 2719 ἢ
1008 2653 1189 2704 πόθεν
1213 2646 1355 2719 ἦσαν
1387 2652 1450 2703 αἱ
1475 2659 1735 2705 τοσαῦται
1766 2660 1867 2704 τοῦ

177 2747 413 2806 στρατοῦ
445 2739 708 2807 μυριάδες
737 2744 973 2808 εἴρηκεν,
1007 2743 1116 2792 εἴτε
1148 2741 1444 2807 Αἰγύπτιοι
1476 2741 1537 2793 τὸ
1571 2739 1729 2807 γένος
1764 2737 1861 2792 εἴτ’

177 2825 385 2889 ἔξωθεν
424 2827 665 2895 ἥκοντες.
743 2826 860 2880 ἀλλ’
902 2824 1035 2881 οὐδὲ
1079 2829 1180 2896 τὴν
1220 2829 1401 2881 αἰτίαν
1440 2829 1739 2898 διεσάφησε
1783 2827 1858 2881 δι’
1890 2850 1934 2882 80

175 2914 244 2982 ἣν
285 2914 488 2977 αὐτοὺς
535 2916 564 2969 6
603 2919 863 2984 βασιλεὺς
908 2918 986 2978 εἰς
1030 2917 1132 2985 τὴν
1173 2921 1458 2984 Αἴγυπτον
1498 2917 1725 2985 ἀγαγεῖν
1765 2917 1867 2970 οὐκ
