2032 3128
225 69 295 122 98
653 71 779 112 ΤοΤ
809 71 1150 113 ΙοΤΔΑῙΚοΤ
1178 71 1485 113 HOAEMOT

218 204 317 256 τὸν
354 213 543 273 τοῖχον
582 209 677 271 τῆς
723 211 884 265 στοᾶς
929 204 1059 257 ὄντα
1101 205 1313 256 πλατὺν
1353 203 1801 273 ἀναχωρήσαντες
1839 203 1898 256 ἐκ

219 288 321 359 μὲν
358 299 458 344 τοῦ
496 293 669 361 πυρὸς
708 293 1078 360 διεσώθησαν,
1115 291 1222 344 ὑπὸ
1257 288 1317 344 δὲ
1347 301 1458 344 τῶν
1490 290 1776 344 Ἰουδαίων
1806 309 1898 344 πε-

218 378 565 448 ρισχεθέντες
603 377 689 432 ἐπὶ
728 381 869 433 πολὺ
909 377 1010 446 μὲν
1049 378 1314 448 ἀντέσχον
1366 381 1898 447 διατιτρωσκόμενοι,

159 483 185 522 2
218 466 372 529 τέλος
411 463 472 518 δὲ
509 466 708 530 πάντες
745 469 969 534 ἔπεσον,
1029 466 1210 535 <186>
1248 465 1339 519 καὶ
1371 471 1678 529 τελευταῖος
1716 467 1897 520 αὐτῶν

181 540 303 617 ‘31:25‘-
334 557 575 623 νεανίας,
614 555 842 623 ὀνόματι
874 558 1107 623 Λόγγος,
1148 555 1282 608 ὅλον
1315 554 1676 623 ἐπικοσμήσας
1705 556 1766 608 τὸ
1799 555 1899 607 πά-
1945 576 1966 609 5

215 648 350 711 θος,
403 641 494 696 καὶ
548 641 664 696 κατ’
724 644 900 711 ἄνδρα
955 645 1170 712 μνήμης
1228 641 1395 706 ἀξίων
1446 644 1624 695 ὄντων
1676 643 1899 696 πάντων

217 740 327 783 τῶν
378 730 742 784 ἀπολωλότων
794 732 1016 801 ἄριστος
1065 734 1284 799 φανείς,
1343 731 1540 800 <187>
1580 730 1646 783 ὃν
1697 732 1754 784 οἰ
1799 728 1899 799 μὲν

213 813 470 872 Ἰουδαῖοι
521 826 614 887 τῆς
663 817 711 872 τ’
759 819 925 888 ἀλκῆς
970 819 1260 887 ἀγάμενοι,
1314 818 1403 872 καὶ
1458 820 1637 882 ἄλλως
1682 819 1899 872 ἀνελεῖν

218 906 612 975 ἀσθενοῦντες,
657 911 960 976 καταβῆναι
997 909 1135 976 πρὸς
1173 907 1376 970 αὐτοὺς
1416 905 1503 960 ἐπὶ
1547 908 1700 979 δεξιᾷ
1737 925 1900 977 παρε-

217 995 450 1064 κάλουν,
491 996 519 1049 ὁ
561 993 612 1047 δ’
656 995 894 1064 ἀδελφὸς
931 997 1243 1064 Κορνήλιος
1282 995 1340 1048 ἐκ
1385 994 1626 1066 θατέρου
1666 996 1738 1065 μὴ
1777 1016 1899 1049 κατ·
1925 1020 1968 1052 10

218 1090 474 1152 αισχῦναι
519 1085 581 1137 τὸ
630 1082 896 1152 σφέτερον
943 1082 1099 1146 κλέος
1142 1082 1232 1136 καὶ
1274 1085 1375 1152 τὴν
1413 1082 1694 1153 Ῥωμαίων
1741 1099 1901 1154 στρα-

217 1171 356 1223 τιάν.
397 1173 573 1245 τούτῳ
604 1170 853 1234 πεισθεὶς
882 1169 973 1224 καὶ
1006 1172 1335 1240 διαράμενος
1360 1174 1604 1241 φανερὸν
1630 1171 1904 1243 ἑκατέροις

216 1270 331 1323 τοῖς
362 1261 597 1329 τάγμασι
635 1261 695 1313 τὸ
737 1259 895 1328 ξίφος
934 1258 1132 1312 ἑαυτὸν
1170 1259 1399 1331 ἀναιρεῖ.
1471 1260 1651 1329 <188>
1691 1270 1801 1314 τῶν
1841 1259 1902 1314 δὲ

215 1357 289 1421 τῷ
330 1345 465 1416 πυρὶ
503 1347 944 1417 περισχεθέντων
982 1348 1294 1418 Σερτώριός
1324 1368 1405 1411 τις
1435 1352 1747 1420 πανουργίᾳ
1785 1351 1902 1402 δια-

218 1439 456 1502 σώζεται.
532 1436 1046 1506 προσκαλεσάμενος
1091 1436 1194 1505 γάρ
1243 1456 1366 1489 τινα
1411 1445 1523 1490 τῶν
1569 1451 1900 1506 συστρατιω-
1926 1460 1970 1493 15

216 1536 327 1580 τῶν
366 1526 632 1592 Λούκιον,
672 1519 714 1596 ᾧ
749 1527 1089 1594 συνεσκήνει,
1129 1525 1336 1595 μεγάλῃ
1376 1532 1439 1595 τῇ
1479 1533 1637 1595 φωνῇ
1679 1524 1902 1595 (κληρο-

215 1614 419 1683 νόμον’
463 1616 567 1683 ἔφη
609 1613 941 1666 εκαταλείπω
983 1628 1042 1666 σε
1081 1622 1192 1666 τῶν
1233 1613 1472 1681 ἐμαυτοῦ
1509 1614 1814 1683 κτημάτων,
1855 1616 1908 1667 εί

215 1703 546 1772 προσελθών
593 1721 658 1771 με
711 1700 929 1765 δέξαιο.’
1007 1702 1191 1772 <189>
1231 1711 1329 1756 τοῦ
1377 1700 1425 1755 δ’
1463 1701 1690 1772 ἑτοίμως
1734 1717 1902 1773 προσ-

217 1791 549 1860 δραμόντος,
589 1790 617 1843 ὃ
659 1787 760 1859 μὲν
801 1788 882 1844 ἐπ’
929 1790 1099 1844 αὐτὸν
1137 1789 1487 1861 κατενεχθεὶς
1524 1794 1731 1860 ἔζησεν,
1772 1792 1800 1845 ὁ
1843 1789 1903 1844 δὲ

217 1879 509 1948 δεξάμενος
561 1878 667 1932 ὑπὸ
730 1886 830 1932 τοῦ
884 1879 1091 1948 βάρους
1143 1886 1216 1952 τῷ
1280 1882 1636 1954 λιθοστρώτῳ
1698 1894 1901 1951 προσα-
1928 1904 1971 1935 20

217 1965 445 2036 ραχθεὶς
481 1974 807 2036 παραχρῆμα
846 1969 1094 2035 θνήσκει.

327 2055 511 2124 <19Ο>
549 2064 711 2109 τοῦτο
759 2057 820 2109 τὸ
866 2055 1048 2117 πάθος
1085 2057 1222 2123 πρὸς
1259 2057 1451 2125 καιρὸν
1491 2053 1592 2125 μὲν
1623 2055 1905 2126 Ῥωμαίοις

217 2142 538 2212 ἐνεποίησεν
592 2143 871 2213 ἀθυμίαν,
924 2145 1060 2214 πρός
1106 2141 1167 2197 δὲ
1217 2146 1278 2197 τὸ
1330 2142 1533 2213 μέλλον
1584 2144 1730 2213 ὅμως
1779 2165 1903 2198 κατ-

216 2233 477 2285 εσκεύασε
507 2230 1045 2302 φυλακτικωτέρους,
1077 2231 1167 2285 καὶ
1198 2233 1335 2301 πρὸς
1357 2233 1454 2295 τὰς
1478 2241 1590 2285 τῶν
1614 2230 1903 2286 Ἰουδαίων

216 2319 442 2389 ἐνέδρας
481 2319 791 2390 ὠφέλησεν,
843 2320 903 2374 ἐν
950 2314 1035 2383 αἷς
1081 2322 1146 2373 τὰ
1183 2322 1359 2374 πολλὰ
1407 2317 1480 2373 δι’
1520 2322 1753 2388 ἄγνοιαν
1791 2331 1902 2374 τῶν
1927 2346 1970 2378 25

215 2410 400 2462 τόπων
446 2407 537 2461 καὶ
583 2411 645 2462 τὸ
692 2405 833 2477 ἦθος
878 2417 988 2462 τῶν
1029 2409 1253 2479 ἀνδρῶν
1294 2408 1641 2478 ἐβλάπτοντο.
1719 2408 1904 2479 <191>

214 2497 447 2566 κατεκάη
504 2495 553 2550 δ’
606 2497 640 2566 ἡ
697 2498 831 2550 στοὰ
881 2496 1038 2566 μέχρι
1086 2506 1188 2552 τοῦ
1232 2494 1495 2551 Ἰωάννου
1545 2498 1787 2566 πύργου,
1838 2497 1905 2551 ὃν

214 2584 423 2648 ἐκεῖνος
457 2585 517 2639 ἐν
548 2593 623 2657 τῷ
654 2587 792 2652 πρὸς
822 2589 1054 2654 Σίμωνα
1085 2585 1305 2658 πολέμῳ
1337 2586 1734 2639 κατεσκεύασεν
1765 2583 1904 2655 ὑπὲρ

213 2674 308 2736 τὰς
347 2672 647 2742 ἐξαγούσας
683 2670 822 2743 ὑπὲρ
861 2676 960 2727 τὸν
999 2673 1199 2737 ξυστὸν
1241 2674 1442 2736 πύλας·
1503 2675 1565 2727 τὸ
1606 2671 1667 2727 δὲ
1706 2676 1904 2728 λοιπὸν

213 2759 302 2814 ἐπὶ
351 2749 781 2831 διεφθαρμένοις
826 2764 932 2831 ἤδη
979 2760 1242 2816 Ἰουδαῖοι
1286 2772 1404 2825 τοῖς
1453 2761 1725 2831 ἀναβᾶσιν
1775 2761 1902 2816 ἀπέ-
1925 2786 1971 2818 30

210 2858 407 2914 κοψαν.
485 2850 679 2918 <192>
726 2857 791 2920 τῇ
841 2849 889 2903 δ’
936 2851 1200 2923 ὑστεραίᾳ
1244 2849 1336 2905 καὶ
1368 2849 1622 2920 Ῥωμαῖοι
1668 2852 1769 2920 τὴν
1808 2853 1904 2921 βό-
