2032 3128
648 83 1000 129 ADNOTATIO
1033 84 1283 131 CRITICA.
1625 88 1809 133 XXXV

118 217 204 272 τήν
234 233 281 261 τε
313 217 550 274 διαφοράν
580 217 639 274 L,
681 232 742 262 an
774 215 962 263 δίαιταν
992 218 1066 262 vel
1097 218 1336 277 διαγωγήν
1366 225 1386 264 ¹?
1415 219 1533 264 le.
1568 246 1623 251 —
1656 226 1681 274 5
1714 225 1799 264 190

118 290 262 335 καλὸν
285 317 340 322 -
365 288 628 346 νομίζοντες
659 292 729 335 ed.
763 307 846 348 pr.,
880 292 960 335 καὶ
991 292 1134 337 καλὸν
1159 319 1214 324 -
1240 289 1483 348 νομίζομεν
1506 292 1555 337 L.
1583 319 1637 325 -
1663 298 1688 347 5
1714 298 1796 338 191

115 362 307 408 πάντων
347 364 417 408 ed.
449 380 533 421 pr.,
573 363 746 416 πάντες
775 364 824 409 L.
858 391 914 397 -—
947 371 971 420 5
1006 370 1087 409 191
1130 363 1506 423 γεγυμνωμένως·
1546 381 1800 424 γεγυμνασ-

117 435 263 493 μένως
292 437 527 482 intellexit
555 438 674 493 Lat„
698 438 780 482 Ns.
814 465 869 470 —
903 444 927 492 5
961 442 1043 482 191
1076 437 1249 495 πάτρια
1273 438 1370 496 Ns.,
1401 444 1594 499 πατρῷα
1623 440 1714 498 vlg.
1742 467 1797 473 —

116 515 141 564 5
174 515 258 554 193
302 512 382 555 καὶ
425 513 538 563 νεὼς
576 512 646 556 ed.
688 527 771 569 pr.,
815 513 929 563 νεώς
957 512 1006 556 L.
1042 539 1096 544 —
1130 518 1155 566 5
1189 518 1274 556 194
1311 512 1460 569 ἡμῶν·
1504 514 1658 558 αὐτῶν
1695 514 1797 571 Bk.,

115 583 202 627 del.
229 584 346 628 le.
371 584 452 630 Ns.
480 613 535 618 —
560 591 585 640 5
611 590 696 629 195
729 585 901 637 πλάτος
922 585 1084 642 Huds.,
1116 588 1298 644 πλῆθος
1319 586 1368 630 L.
1396 613 1451 619 —-
1477 592 1501 641 5
1528 591 1611 631 196
1637 585 1795 639 αὐτός·

112 659 231 702 idem
268 659 363 715 ipse
392 660 509 716 Lat„
554 656 614 704 αὖ
655 660 728 704 vel
768 660 792 704 ὃ
833 657 980 711 αὐτός’
1012 660 1097 704 Bk.
1132 687 1187 692 —
1221 665 1245 714 5
1279 665 1364 704 198
1404 661 1488 704 οὐκ
1528 660 1579 704 ἐκ
1616 669 1798 718 τμητῶν

111 730 210 775 ἀλλ’
261 731 311 777 ἐκ
358 731 629 779 συλλέκτων·
677 733 892 790 ἀτμήτων
938 731 1190 778 συλλέκτων
1227 733 1286 791 L,
1333 749 1389 779 eoe
1434 735 1667 791 lapidibus
1704 749 1798 779 που,

110 806 302 862 dolatis,
341 809 418 851 sed
455 809 650 853 collectis
680 814 812 864 atque
843 808 1094 852 iacentibus
1123 807 1226 852 Lat.
1259 834 1315 839 —
1355 813 1380 862 5
1413 812 1498 852 198
1538 806 1796 864 δεκάπηχυ·

111 879 420 938 δωδεκάπηχυ
458 880 643 938 Euseb.,
683 881 948 939 δεκάπηχυς
984 881 1069 925 Bk.
1105 908 1160 913 —
1200 887 1225 935 5
1258 886 1344 925 200
1384 881 1797 937 συνεστρατεύομεν

110 952 169 1010 L,
210 954 655 1011 συνεστρατεύσαντο
694 953 863 998 Euseb.
903 953 958 998 cf.
999 953 1149 998 Praef.
1182 953 1265 997 Ns.
1298 969 1342 1010 p.
1377 952 1515 996 XXJI.
1558 980 1612 985 —
1652 960 1677 1008 5
1709 959 1796 998 200

109 1034 256 1071 ταῦτα
286 1028 421 1085 le.,
452 1035 588 1072 τοῦτο
620 1028 710 1086 vlg.
745 1055 800 1060 ——
833 1034 858 1083 5
890 1033 973 1072 201
1006 1028 1127 1085 ἡμᾶς
1151 1027 1336 1084 Ευεθὶ).,
1368 1027 1479 1084 ἡμῖν
1502 1026 1551 1070 L.
1579 1053 1634 1059 —
1659 1033 1684 1082 5
1709 1032 1793 1071 201

103 1097 371 1146 Ἰουδαίων·
398 1100 631 1153 Ἰουδαῖος
660 1102 743 1146 NS.
769 1129 824 1135 —
850 1107 876 1156 5
899 1107 983 1146 201
1018 1100 1199 1153 ἱκανός·
1235 1101 1406 1152 ἱκανῶς
1435 1100 1604 1145 Euseb.
1631 1102 1730 1146 cod.
1754 1102 1795 1147 J.

106 1201 163 1208 ——
188 1181 212 1230 5
237 1180 321 1219 201
362 1176 482 1220 κατὰ
520 1176 698 1234 ψυχήν·
738 1178 819 1235 καὶ
856 1176 941 1233 τὴν
979 1175 1136 1233 ψυχήν
1167 1175 1250 1219 Ns.
1283 1202 1338 1207 —
1372 1181 1397 1229 5
1429 1179 1513 1218 201
1546 1174 1796 1233 ὁμολογού-

106 1265 261 1306 μενος·
296 1248 672 1308 ὁμολογουμένως
701 1249 783 1294 Ns.
818 1277 872 1282 —
906 1256 930 1305 5
962 1254 1048 1293 202
1081 1247 1470 1307 διαβαδιζόντων·
1511 1247 1797 1306 βαδιζόντων

104 1323 272 1368 Euseb.
315 1351 369 1356 —
409 1330 434 1379 5
467 1330 552 1368 203
591 1325 674 1370 τὸν
714 1323 887 1381 ὄρνιθα
919 1323 1106 1380 Euseb.,
1148 1322 1234 1380 τὴν
1275 1322 1449 1379 ὄρνιθα
1478 1322 1529 1366 L.
1565 1349 1620 1354 —
1652 1327 1677 1377 5
1709 1327 1795 1366 203

106 1396 330 1449 ἀναστάς·
378 1397 592 1450 ἀναπτάς
635 1398 716 1443 Nr.
756 1398 910 1442 Herw.
952 1424 1006 1430 —
1049 1404 1074 1452 5
1114 1401 1199 1441 203
1246 1396 1554 1453 παρελκύσας·
1606 1395 1799 1448 ἑλκύσας

103 1470 271 1516 Euseb.
305 1499 362 1505 —
393 1478 418 1527 5
450 1477 538 1516 204
569 1472 977 1530 ἀγανακτούντων·
1011 1472 1389 1530 ἀγανακτοῦντος
1418 1469 1527 1515 Cob.
1562 1497 1618 1503 —-
1651 1476 1676 1525 5
1708 1474 1796 1514 204

101 1543 443 1602 κακοδαίμονες
472 1542 571 1590 εἶτα
603 1546 703 1590 τὸν·
738 1542 1222 1602 κακοδαιμονέστατον
1252 1543 1419 1600 LLat.‚
1453 1543 1509 1588 cf.
1534 1543 1685 1588 Praef.
1711 1543 1792 1587 Ns.

100 1633 144 1675 p.
185 1619 304 1663 XIV.
350 1646 405 1651 —
450 1626 475 1674 5
514 1624 602 1664 204
644 1621 798 1678 λαβών
843 1619 1036 1676 Euseb.,
1083 1616 1304 1678 λαβόντες
1346 1618 1494 1661 LLat.
1539 1644 1595 1650 ——-
1639 1623 1664 1672 5
1707 1622 1794 1662 204

100 1691 403 1750 ἀπήγγελλεν·
443 1692 715 1750 ἀνήγγειλεν
754 1692 923 1736 Euseb.
958 1719 1012 1724 —
1045 1697 1070 1746 5
1103 1697 1188 1735 206
1229 1689 1282 1736 δέ
1324 1690 1412 1735 del.
1445 1690 1526 1735 Ns.
1561 1717 1616 1723 -
1650 1696 1675 1745 5
1707 1696 1794 1734 206

102 1765 349 1822 στρατείαν
378 1767 480 1824 Bk,
514 1765 736 1823 στρατιάν
766 1767 815 1810 L.
842 1793 897 1798 —
923 1772 948 1821 5
972 1771 1057 1811 208
1088 1773 1144 1824 τῇ
1176 1763 1495 1824 Στρατονίκῃ·
1527 1771 1610 1822 τῆς
1639 1767 1794 1821 Στρα-

102 1838 291 1898 τονίκης
326 1841 477 1885 Herw.
511 1868 567 1873 —
599 1846 624 1895 5
656 1845 741 1885 209
774 1840 829 1884 cf.
864 1840 1056 1897 Antiqq.
1089 1840 1174 1883 XII
1208 1845 1247 1883 6.
1283 1867 1337 1872 —
1372 1845 1397 1894 5
1430 1844 1515 1883 209
1556 1837 1667 1895 μήτε
1690 1838 1792 1896 Bk,

9 1937 14 1939 ·
99 1913 217 1971 μηδέ
245 1915 295 1959 L.
330 1942 386 1948 —
417 1921 442 1970 5
467 1919 554 1958 210
585 1913 826 1966 εἰσιόντος·
861 1912 915 1958 δέ
946 1914 1133 1971 supplet
1163 1913 1283 1962 le.
1310 1927 1417 1956 cum
1445 1906 1547 1956 Lat.
1575 1939 1630 1944 -—
1656 1917 1680 1967 5
1706 1917 1790 1955 211

99 1988 296 2034 ἐνύπνια
327 1989 538 2046 GrotiUS,
579 1989 644 2040 εἰς
683 1988 881 2033 ἐνύπνια
910 1988 962 2032 L.
995 2014 1050 2020 —
1083 1993 1108 2042 5
1140 1993 1224 2031 211
1259 1985 1425 2043 νόμου·
1467 1983 1607 2030 θείου
1637 1986 1790 2031 Herw.

100 2089 154 2094 —
187 2069 212 2117 5
245 2068 327 2106 211
367 2060 618 2107 ὑπόνοιαν·
662 2061 930 2118 παράνοιαν
961 2061 1048 2105 Bk.
1081 2088 1135 2093 —
1169 2067 1193 2116 5
1227 2065 1313 2104 214
1354 2059 1405 2104 ἐν
1443 2067 1564 2111 τοῖς·
1607 2059 1658 2105 ἐν
1695 2069 1796 2112 τοῖς

98 2137 258 2188 αὐτοῖς
280 2135 390 2181 Cob.
417 2164 472 2169 -
496 2142 522 2191 5
546 2141 631 2181 215
657 2134 939 2194 Αἰγυπτίων·
966 2135 1134 2192 Σύρων
1158 2135 1327 2179 Euseb.
1355 2161 1410 2166 —
1437 2140 1461 2189 5
1487 2139 1572 2178 219
1596 2134 1790 2186 ταύτας·

95 2217 242 2255 ταῦτα
279 2210 398 2254 fflw.
432 2237 487 2242 —
519 2216 545 2265 5
578 2215 662 2254 221
705 2209 888 2269 διέβαλε
926 2209 1087 2267 Huds.,
1127 2206 1414 2268 προσέλαβεν
1452 2208 1510 2266 L,
1549 2209 1792 2254 momordit

94 2284 213 2342 Lat,
245 2283 533 2341 προσέδακεν
555 2284 636 2328 Nr.
665 2311 720 2316 —
754 2290 787 2339 5,
805 2289 888 2327 222
921 2286 1214 2341 καινολογεῖν
1245 2283 1335 2340 Df.,
1369 2285 1635 2340 κενολογεῖν
1656 2282 1706 2327 L.
1734 2309 1790 2314 —

97 2364 121 2413 5
155 2363 240 2402 222
271 2365 328 2417 τῇ
359 2356 529 2415 κρίσει·
562 2375 633 2416 γρ.
667 2365 722 2416 τῇ
754 2357 974 2413 ἀκροάσει
995 2357 1054 2414 L,
1087 2357 1213 2414 quod
1244 2357 1402 2414 placet
1423 2356 1547 2400 le.
1574 2383 1629 2388 —
1655 2362 1680 2411 5
1704 2361 1791 2400 224

94 2440 187 2478 τῶν
218 2432 354 2489 ἱερῶν
378 2432 567 2490 Spanh,
598 2432 778 2476 τούτων
800 2431 852 2476 L.
877 2458 933 2463 —
958 2437 983 2486 5
1007 2436 1093 2475 229
1125 2432 1206 2476 καὶ
1230 2429 1454 2488 λεγόμενα
1479 2430 1568 2474 del.
1596 2429 1704 2474 Cob.
1732 2456 1787 2462 —

97 2511 121 2560 5
155 2510 240 2549 231
282 2506 375 2550 ἀπὸ
409 2505 461 2550 δὲ
491 2505 658 2550 τούτου
691 2513 783 2551 τῶν
815 2506 983 2562 μεταξὺ
1013 2502 1239 2564 βασιλέων
1270 2504 1351 2548 Ns.
1388 2531 1443 2537 —
1476 2510 1501 2559 5
1534 2508 1616 2547 231
1650 2517 1787 2559 πρεσ-

94 2578 303 2637 βύτερος·
351 2580 665 2639 πρεσβύτατος
702 2579 785 2624 Ns.
827 2606 882 2612 —
922 2585 947 2634 5
979 2584 1064 2623 232
1111 2580 1256 2623 αὐτοῦ
1294 2578 1392 2635 Nn,
1440 2578 1566 2637 αὐτῷ
1605 2576 1696 2634 vlg.
1731 2603 1786 2608 ——

94 2658 119 2707 5
144 2657 231 2697 234
260 2651 487 2710 ἡσθέντα·
519 2651 776 2698 πεισθέντα
801 2652 882 2697 Ns.
909 2679 965 2686 —
989 2659 1014 2708 5
1039 2657 1126 2697 234
1148 2660 1230 2698 τοῦ
1262 2651 1495 2708 πλήθους·
1528 2651 1582 2695 τὸ
1605 2653 1790 2707 πλῆθος

92 2726 174 2772 Ns.
210 2754 265 2760 —
298 2733 323 2782 5
355 2731 440 2772 235
473 2723 568 2772 εἷεν
606 2725 933 2786 κεχωρισμένοι
970 2726 1106 2784 fflw.,
1148 2727 1194 2771 οἱ
1235 2723 1612 2785 ἐγκεχωρισμένοι
1643 2723 1693 2768 L.
1728 2750 1784 2755 —

93 2807 118 2855 5
151 2806 236 2845 235
269 2799 603 2859 συνεχομένους
632 2801 722 2859 Df.,
763 2798 1128 2859 συγκεχυμένους
1158 2801 1266 2859 vlg.,
1308 2796 1673 2858 συνεσχημένους
1702 2796 1784 2840 Ns.

94 2901 150 2908 —
176 2881 202 2931 5
234 2880 319 2920 236
349 2875 595 2920 ’ὑποδεῖσαι
618 2874 708 2932 Df.,
741 2876 1024 2920 ὑποδεῖσθαι
1047 2875 1097 2919 L.
1124 2902 1179 2907 —
1205 2880 1230 2929 5
1255 2878 1340 2918 237
1371 2873 1489 2930 πρὸς
1519 2873 1786 2929 suspectum

1436 2947 1492 2990 c*
