2032 3128
714 105 923 147 ΛΟΓΟΣ
955 105 1156 146 ΕΚΤοΣ
1678 100 1783 151 125

94 238 480 305 μηχανήματος
518 232 661 303 ἦσαν
701 238 760 290 οἱ
792 248 939 307 τρεῖς
976 238 1197 304 πύργοι,
1238 234 1363 305 περὶ
1406 231 1484 288 ὧν
1524 234 1782 301 ἀνωτέρω

98 325 498 393 δεδηλώκαμεν.

206 411 388 480 <401>
446 415 837 474 καταλιπόντες
890 413 959 480 δὴ
1014 412 1270 479 τούτους,
1324 415 1536 479 μᾶλλον
1582 410 1628 463 δ’
1672 410 1781 464 ὑπὸ

92 507 191 552 τοῦ
238 505 379 552 θεοῦ
425 499 866 567 καταβληθέντες
914 497 1009 552 ἀπ’
1047 499 1251 564 αὐτῶν,
1306 504 1635 566 παραχρῆμα
1681 495 1782 565 μὲν

47 611 68 642 5
92 590 172 651 εἰς
216 589 317 655 τὴν
362 587 470 640 ὑπὸ
518 588 749 655 Σιλωὰμ
797 587 1056 656 φάραγγα
1101 587 1564 655 καταφεύγουσιν,
1615 581 1783 648 αὖθις

95 675 140 729 δ’
183 676 374 743 ὀλίγον
414 674 794 739 ἀνακύψαντες
841 674 901 727 ἐκ
946 682 1047 728 τοῦ
1087 673 1248 736 δέους
1287 675 1550 742 ὥρμησαν
1590 671 1678 726 ἐπὶ
1716 675 1779 727 τὸ

93 765 221 834 τῇδε
260 766 652 832 περιτείχισμα.
715 762 899 831 <402>
937 763 1271 832 χρησάμενοι
1305 759 1366 814 δὲ
1403 771 1522 824 ταῖς
1559 764 1785 830 τόλμαις

94 850 507 919 ἀγεννεστέραις
553 858 648 919 τῆς
692 850 934 919 ἀνάγκης
980 849 1348 919 (κατεάγησαν
1387 850 1492 918 γὰρ
1539 850 1646 917 ἤδη
1685 850 1787 918 τὴν

96 942 256 1009 ἰσχὺν
310 940 422 1008 ἅμα
476 947 551 1010 τῷ
609 937 721 992 δέει
782 938 872 992 καὶ
933 949 1052 1001 ταῖς
1114 936 1449 1009 συμφοραῖς)
1511 938 1619 991 ὑπὸ
1676 946 1787 990 τῶν

27 1052 71 1083 10
94 1036 360 1097 φρουρῶν
398 1026 780 1095 ἀνωθοῦνται,
826 1025 917 1080 καὶ
964 1026 1362 1089 σκεδασθέντες
1406 1023 1500 1079 ἀπ’
1533 1025 1787 1095 ἀλλήλων

93 1115 402 1169 κατέδυσαν
458 1117 535 1177 εἰς
586 1117 718 1178 τοὺς
772 1115 1104 1183 ὑπονόμους.
1186 1115 1369 1184 <403>
1415 1113 1670 1183 Ῥωμαῖοι
1726 1111 1787 1167 δὲ

93 1214 204 1257 τῶν
243 1213 441 1274 τειχῶν
480 1205 849 1272 κρατήσαντες
894 1204 990 1267 τάς
1034 1223 1092 1257 τε
1143 1207 1378 1273 σημαίας
1423 1206 1659 1271 ἔστησαν
1698 1201 1787 1256 ἐπὶ

92 1302 205 1346 τῶν
250 1293 496 1362 πύργων,
550 1291 641 1345 καὶ
687 1293 821 1361 μετὰ
867 1295 1071 1360 κρότου
1117 1291 1208 1346 καὶ
1255 1300 1426 1363 χαρᾶς
1472 1292 1788 1355 ἐπαιάνιζον

94 1379 182 1434 ἐπὶ
220 1389 284 1450 τῇ
323 1384 469 1452 νίκῃ,
509 1383 653 1434 πολὺ
686 1389 780 1450 τῆς
820 1380 987 1452 ἀρχῆς
1025 1384 1372 1450 κουφότερον
1403 1388 1504 1434 τοῦ
1542 1378 1788 1449 πολέμου

27 1493 69 1525 15
93 1472 155 1523 τὸ
205 1468 360 1533 τέλος
412 1470 718 1539 εὑρηκότες.
803 1468 1074 1539 ἀναιμωτὶ
1128 1478 1268 1537 γοῦν
1313 1478 1414 1523 τοῦ
1467 1472 1787 1522 τελευταίου

92 1561 307 1628 τείχους
332 1557 617 1626 ἐπιβάντες
640 1559 929 1627 ἠπίστουν,
961 1557 1051 1611 καὶ
1084 1557 1296 1627 μηδένα
1320 1556 1616 1627 βλέποντες
1640 1556 1789 1610 ἀντί-

91 1651 270 1700 παλον
322 1646 514 1715 ἀήθως
567 1647 864 1717 ἠπόρηντο.
942 1646 1126 1716 <4Ο4>
1171 1646 1522 1716 εἰσχυθέντες
1569 1641 1631 1698 δὲ
1676 1655 1791 1707 τοῖς

57 1731 60 1735 ’
93 1745 393 1798 στενωποῖς
440 1734 688 1805 ξιφήρεις
733 1737 865 1798 τούς
910 1755 968 1788 τε
1019 1733 1614 1804 καταλαμβανομένους
1661 1733 1789 1803 ἐφό-

92 1843 262 1878 νευον
323 1822 556 1893 ἀνέδην,
622 1822 713 1877 καὶ
782 1834 894 1877 τῶν
957 1826 1395 1893 συμφευγόντων
1456 1824 1552 1885 τὰς
1614 1824 1790 1885 οἰκίας

25 1936 69 1968 20
93 1912 440 1980 αὐτάνδρους
477 1913 920 1982 ὑπεπίμπρασαν.
995 1913 1394 1981 <405>πολλά
1434 1910 1495 1965 δὲ
1534 1909 1788 1983 κερᾴζον-

91 2020 196 2069 τες,
237 2001 391 2055 ὁπότ’
425 2003 591 2055 ἔνδον
629 2001 967 2072 παρέλθοιεν
999 2000 1087 2071 ἐφ’
1118 2001 1390 2071 ἁρπαγήν,
1429 2001 1621 2070 γενεὰς
1659 2000 1790 2062 ὅλας

92 2098 305 2156 νεκρῶν
337 2091 776 2160 κατελάμβανον,
814 2089 905 2143 καὶ
944 2091 1011 2143 τὰ
1049 2091 1296 2159 δωμάτια
1333 2093 1515 2159 πλήρη
1548 2098 1659 2142 ’τῶν
1691 2097 1791 2142 τοῦ

92 2183 260 2247 λιμοῦ
312 2180 644 2247 πτωμάτων·
700 2181 884 2232 ἔπειτα
937 2181 1075 2248 πρὸς
1128 2181 1230 2248 τὴν
1279 2181 1413 2242 ὄψιν
1462 2180 1792 2247 πεφρικότες

92 2277 277 2330 κεναῖς
307 2266 498 2337 χερσὶν
531 2266 745 2338 ἐξῇσαν.
809 2267 993 2336 <406>
1025 2267 1093 2321 οὐ
1125 2269 1235 2337 μὴν
1268 2269 1631 2335 οἰκτείροντες
1661 2267 1791 2328 τοὺς

26 2377 70 2410 25
94 2356 270 2419 οὕτως
315 2355 669 2419 ἀπολωλότας
714 2356 881 2410 ταύτὸ
928 2354 1019 2409 καὶ
1065 2359 1203 2425 πρὸς
1240 2359 1372 2419 τοὺς
1421 2358 1624 2420 ζῶντας
1663 2356 1791 2407 ἔπα-

32 2513 35 2515 .
95 2458 251 2514 σχον,
290 2445 429 2498 ἀλλὰ
460 2447 558 2498 τὸν
592 2444 1003 2515 ἐντυγχάνοντα
1044 2446 1430 2507 διελαύνοντες
1469 2442 1791 2512 ἀπέφραξαν

94 2530 196 2600 μὲν
227 2535 357 2596 τοὺς
396 2535 712 2596 στενωποὺς
750 2542 984 2604 νεκροῖς,
1024 2534 1210 2602 αἵματι
1243 2529 1294 2586 δ’
1325 2533 1462 2601 ὅλην
1494 2534 1596 2600 τὴν
1627 2534 1792 2585 πόλιν

93 2620 454 2689 κατέκλυσαν,
493 2622 567 2684 ὡς
605 2623 783 2675 πολλὰ
822 2631 934 2675 τῶν
972 2620 1332 2692 φλεγομένων
1367 2626 1677 2690 σβεσθῆναι
1717 2629 1790 2691 τῷ

93 2712 264 2784 φόνῳ.
344 2710 528 2778 <407>
576 2708 669 2763 καὶ
714 2713 772 2764 οἳ
814 2708 915 2779 μὲν
953 2714 1262 2773 κτείνοντες
1310 2710 1622 2763 ε’παύσαντο
1661 2711 1798 2780 πρὸς

27 2819 70 2851 30
96 2796 353 2868 ἑσπέραν,
400 2798 460 2851 ἐν
509 2796 570 2851 δὲ
616 2807 681 2868 τῇ
737 2797 898 2852 νυκτὶ
942 2800 1005 2852 τὸ
1059 2806 1172 2869 πῦρ
1221 2798 1515 2869 ἐπεκράτει.
1593 2802 1793 2867 φλεγο-

95 2886 284 2955 μένοις
331 2883 381 2939 δ’
421 2885 769 2941 ἐπανέτειλεν
807 2885 1222 2957 Ἱεροσολύμοις
1267 2886 1441 2958 ἡμέρα
1488 2889 1793 2957 Γορπιαίου
