2032 3128
200 63 305 115 136
634 65 758 106 ΤΟΤ
791 64 1130 106 ΙΟΤΔΑΙΚΟΤ
1161 64 1469 105 ΠΟΛΕΜΟΥ

197 211 300 249 σαν
325 198 426 265 τὴν
452 197 782 266 οἰκουμένην
813 196 1190 266 παρέσπαρται
1221 206 1335 259 τοῖς
1367 195 1693 266 ἐπιχωρίοις,
1731 201 1881 249 πλεῖ·
1959 238 1963 251 f

197 299 328 337 στον
363 281 423 337 δὲ
454 292 518 354 τῇ
550 287 734 356 Συρίᾳ
765 285 899 337 κατὰ
932 285 1033 352 τὴν
1073 286 1379 351 γειτνίασιν
1418 282 1881 353 ἀναμεμιγμένον,

195 372 478 442 ἐξαιρέτως
525 371 571 425 ὁθ
621 371 708 425 ἐπὶ
754 380 848 440 τῆς
889 370 1220 442 Ἀντιοχείας
1265 368 1335 440 ἦν
1373 374 1515 426 πολὺ
1557 373 1648 424 διὰ
1687 374 1748 424 τὸ
1787 379 1882 440 τῆς

191 464 401 521 πόλεως
432 460 682 528 μέγεθος.
744 461 976 527 μάλιστα
1010 456 1061 512 δ’
1098 460 1284 520 αὐτοῖς
1314 459 1449 511 ἀδεᾶ
1480 459 1582 527 τὴν
1617 458 1726 512 ἐκεῖ
1756 478 1877 512 κατ-

194 550 410 615 οίκησιν
458 547 517 599 οἱ
562 543 676 614 μετ’
722 544 1003 615 Ἀντίοχον
1058 549 1304 614 βασιλεῖς
1355 544 1654 615 παρέσχον..
1723 547 1879 614 <44>

185 633 465 704 Ἀντίοχος
519 631 619 703 μὲν
670 634 774 702 γὰρ
827 634 856 687 6
907 632 1134 701 κληθεὶς
1180 632 1483 703 Ἐπιφανὴς
1529 632 1880 703 Ἱεροσόλυμα

191 725 483 792 πορθήσας
527 724 625 775 τὸν
671 722 816 774 νεὼν
865 721 1156 790 ἐσύλησεν,
1207 722 1266 774 015
1308 719 1369 774 δὲ
1415 720 1523 790 μετ’
1574 723 1743 776 αὐτὸν
1779 723 1879 791 τὴν

191 814 478 880 βασιλείαν
524 812 935 878 παραλαβόντες
982 819 1094 862 τῶν
1141 809 1513 878 ἀναθημάτων
1561 810 1663 862 ὅσα
1710 814 1880 880 χαλκᾶ

191 903 456 968 πεποίητο
495 899 673 952 πάντα
711 908 826 960 τοῖς
865 895 946 950 ἐπ’
989 893 1320 967 Ἀντιοχείας
1351 895 1646 960 Ἰουδαίοις
1685 896 1879 951 ἀπέδο-

193 1003 323 1056 σαν,
370 990 447 1050 εἰς
485 988 585 1055 τὴν
625 987 956 1054 συναγωγὴν
997 985 1180 1038 αὐτῶν
1219 984 1547 1054 ἀναθέντες,
1589 984 1679 1038 καὶ
1721 1000 1879 1039 συνε-

192 1074 451 1146 χώρησαν
491 1075 678 1137 αὐτοῖς
710 1074 763 1138 ἐξ
803 1079 927 1127 ἴσου
959 1082 1055 1142 τῆς
1085 1077 1297 1136 πόλεως
1326 1083 1441 1135 τοῖς
1464 1072 1694 1143 “Ἐλλησι
1732 1073 1882 1143 μετέ-

191 1184 324 1234 χειν.
402 1163 548 1233 <45>
586 1165 685 1216 τὸν
724 1163 893 1216 αὐτὸν
933 1159 995 1215 δὲ
1032 1165 1240 1232 τρόπον
1278 1161 1369 1215 καὶ
1409 1171 1519 1214 τῶν
1552 1164 1684 1230 μετὰ
1714 1170 1884 1216 ταῦτα

191 1251 467 1321 βασιλέων
506 1252 693 1314 αὐτοῖς
723 1250 1193 1321 προσφερομένων
1225 1256 1302 1313 εἴς
1334 1270 1390 1303 τε
1423 1251 1485 1303 τὸ
1520 1255 1734 1319 πλῆθος
1766 1249 1884 1304 ἐπέ-

193 1341 397 1409 δωκαν,
436 1339 526 1393 καὶ
566 1348 630 1410 τῇ
669 1347 976 1408 κατασκευῇ
1016 1337 1108 1392 καὶ
1141 1346 1205 1409 τῇ
1237 1341 1565 1410 πολυτελείᾳ
1603 1348 1713 1392 τῶν
1753 1338 1884 1392 ἀνα-

191 1429 459 1497 θημάτων
506 1430 567 1482 τὸ
617 1429 768 1496 ἱερὸν
816 1427 1257 1497 ἐξελάμπρυναν,
1309 1426 1398 1480 ἀεί
1438 1447 1494 1480 τε
1540 1430 1884 1497 προσαγόμε-

191 1537 282 1570 νοι
321 1527 439 1591 ταῖς
476 1520 802 1586 θρησκείαις
831 1519 974 1570 πολὺ
1009 1521 1224 1584 πλῆθος
1257 1514 1556 1585 Ἑλλήνων,
1594 1516 1885 1580 κάκείνους
1952 1523 1969 1530 ”

191 1608 374 1678 τρόπςο
424 1604 532 1658 τινὶ
581 1615 782 1674 μοῖραν
831 1604 1015 1658 αὑτῶν
1066 1608 1382 1674 πεποίηντο.
1459 1605 1602 1673 <46>
1650 1601 1780 1657 καθ’
1818 1604 1884 1658 ὃν

193 1692 253 1747 δὲ
292 1695 487 1762 καιρὸν
527 1694 556 1747 6
595 1696 833 1762 πόλεμος
872 1693 1301 1764 ἀνακεκήρυκτο,
1339 1691 1538 1746 νεωστὶ
1579 1691 1626 1746 δ’
1669 1695 1745 1756 είς
1783 1693 1884 1761 τὴν

191 1786 410 1852 Συρίαν
453 1781 832 1845 ’δεσπασιανὸς
877 1783 1328 1849 καταπεπλεύκει,
1374 1783 1436 1835 τὸ
1485 1778 1546 1835 δὲ
1592 1782 1727 1835 κατὰ
1773 1789 1884 1835 τῶν

185 1868 474 1924 Ἰουδαίων
513 1872 661 1940 παρὰ
699 1878 869 1923 πᾶσιν
908 1872 1109 1939 ἤκμαζε
1141 1880 1320 1939 μῖσος,
1359 1870 1505 1938 <47>
1545 1872 1667 1923 τότε
1701 1872 1769 1939 δή
1801 1890 1885 1933 τις

185 1954 462 2028 Ἀντίοχος
501 1952 579 2022 εἷς
618 1958 672 2023 ἐξ
713 1959 896 2012 αὐτῶν
935 1961 1000 2011 τὰ
1039 1960 1273 2028 μάλιστα
1315 1960 1407 2012 διὰ
1442 1960 1539 2012 τὸν
1570 1957 1776 2027 πατέρα
1807 1962 1885 2011 τι-

190 2048 443 2116 μώμενος
475 2043 569 2118 (ἦν
594 2049 698 2115 γὰρ
726 2049 913 2118 ἄρχων
937 2057 1048 2101 τῶν
1082 2045 1164 2101 ἐπ’
1196 2046 1526 2118 Ἀντιοχείας
1552 2044 1886 2117 Ἰουδαίων),

190 2143 289 2189 τοῦ
330 2137 510 2205 δήμου
549 2145 660 2188 τῶν
693 2133 1019 2206 Ἀντιοχέων
1061 2135 1510 2204 ἐκκλησιάζοντος
1548 2137 1629 2198 εἰς
1659 2137 1721 2189 τὸ
1752 2133 1885 2188 θέα-

189 2243 322 2293 τρον
369 2225 669 2290 παρελθὼν
715 2227 813 2278 τόν
860 2244 917 2278 τε
965 2224 1171 2295 πατέρα
1218 2227 1316 2278 τὸν
1365 2222 1565 2278 ἑαυτοῦ
1615 2222 1707 2277 καὶ
1756 2226 1886 2287 τοὺς

188 2314 392 2376 ἄλλους
443 2312 812 2383 ἐνεδείκνυτο,
866 2323 1190 2384 κατηγορῶν
1237 2314 1321 2367 ὅτι
1370 2311 1530 2366 νυκτὶ
1579 2319 1678 2384 μιᾷ
1723 2332 1883 2365 κατα-

187 2409 392 2469 πρῆσαι
432 2403 532 2471 τὴν
571 2405 737 2456 πόλιν
776 2404 994 2456 ἅπασαν
1028 2404 1417 2471 διεγνώκεσαν,
1456 2400 1547 2455 καὶ
1578 2402 1884 2471 παρεδίδου

189 2489 382 2553 ξένους
428 2488 738 2554 Ἰουδαίους
791 2492 945 2554 τινὰς
994 2492 1068 2555 ὡς
1117 2493 1588 2559 κεκοινωνηκότας
1637 2498 1747 2542 τῶν
1795 2493 1885 2559 βε-

187 2578 597 2648 βουλευμένων.
674 2579 820 2648 <48>
874 2588 1044 2633 ταῦτα
1100 2578 1150 2633 δ’
1196 2579 1418 2633 ἀκούων
1473 2579 1502 2632 6
1558 2579 1731 2647 δῆμος
1783 2579 1884 2647 τὴν

189 2667 364 2738 ὀργὴν
413 2667 481 2721 οὐ
528 2677 804 2738 κατεῖχεν,
853 2663 972 2721 ἀλλ’
1017 2666 1106 2721 ἐπὶ
1152 2665 1255 2737 μὲν
1295 2670 1425 2730 τοὺς
1463 2665 1886 2735 παραδοθέντας

186 2763 297 2825 πῦρ
345 2755 522 2818 εὐθὺς
569 2755 824 2809 ἐκέλευον
862 2759 1137 2825 κομίζειν,
1187 2754 1278 2810 καὶ
1316 2763 1646 2825 παραχρῆμα
1684 2756 1884 2819 πάντες

188 2843 276 2897 ἐπὶ
316 2852 416 2897 τοῦ
455 2845 699 2915 θεάτρου
738 2843 1181 2914 κατεφλέγησαν,
1235 2845 1377 2912 <49>
1419 2844 1504 2897 ἐπὶ
1547 2841 1608 2896 δὲ
1648 2846 1708 2897 τὸ
1747 2849 1884 2912 πλῆ-

1905 1010 1949 1042 10

1908 1451 1951 1484 15

1908 1894 1952 1926 20

1909 2336 1953 2369 25

1907 2780 1951 2812 30
