2032 3128
221 82 290 134 68
649 83 774 126 ΤΟΤ
805 84 1146 127 ΙΟΤΔΑΙΚΟΤ
1176 84 1484 128 ΠΟΛΕΜΟΥ
1975 0 2017 130 l

216 217 383 269 άσατο
422 214 803 285 πεπλησμένας
840 226 950 270 τῶν
989 225 1203 287 νεκρῶν
1233 215 1323 270 καὶ
1362 220 1550 287 βαθὺν
1591 219 1760 289 ἰχῶρα
1799 239 1899 287 μυ-

216 305 442 357 δώντων
473 303 816 374 ὑπορρέοντα
847 314 959 358 τῶν
991 304 1276 373 σωμάτων,
1315 303 1569 370 ἐστέναξέ
1597 326 1654 360 τε
1685 305 1776 360 καὶ
1807 308 1901 370 τὰς

215 402 400 462 χεῖρας
439 391 728 456 ἀνατείνας
765 393 1209 463 κατεμαρτύρατο
1248 393 1346 446 τὸν
1385 395 1524 447 θεὸν
1564 395 1636 457 ὡς
1676 394 1777 448 οὐκ
1816 400 1900 463 εἰη

214 476 455 550 τοῦργον
493 480 683 534 αὐτοῦ.

326 568 507 638 <52Ο>
547 570 613 621 τά
652 566 753 638 μὲν
794 570 861 638 δὴ
902 570 1038 622 κατά
1076 570 1178 638 τὴν
1216 571 1380 623 πόλιν
1412 566 1554 640 εἶχεν
1587 571 1751 639 οὕτω,
1781 569 1901 624 Ῥω·
1949 592 1969 626 5
2000 590 2018 641 J

216 665 370 726 μαῖοι
395 655 475 726 δέ,
507 659 742 726 μηδενὸς
767 659 844 710 ἔτι
872 667 982 711 τῶν
1017 667 1358 711 στασιαστῶν
1392 657 1740 729 ἐκτρέχοντος
1771 657 1901 730 (ἤδη
2012 648 2014 650 V

216 746 322 816 γάρ
354 743 445 799 καὶ
477 746 689 799 τούτων
721 745 934 815 ἀθυμία
965 747 1057 799 καὶ
1088 748 1245 815 λιμὸς
1283 745 1605 817 ἐφήπτετο),
1643 748 1779 817 πρὸς
1817 746 1903 799 εὐ-

216 836 448 902 θυμίαις
477 830 639 903 ἦσαν,
679 837 836 888 σίτου
874 830 921 887 τ’
967 834 1249 905 ἀφθονίαν
1287 833 1379 888 καὶ
1418 844 1528 888 τῶν
1566 836 1753 888 ἄλλων
1795 834 1907 911 ἐπι-

216 923 452 991 τηδείων
507 922 567 975 ἐκ
621 930 718 992 τῆς
771 925 985 993 Συρίας
1038 921 1130 976 καὶ
1183 931 1293 976 τῶν
1347 927 1582 993 πλησίον
1634 922 1906 994 ἐπαρχιῶν

217 1012 453 1081 ἔχοντες·
494 1011 674 1078 <521>
703 1011 983 1080 ἱστάμενοι
1010 1009 1071 1065 δὲ
1094 1010 1291 1065 πολλοὶ
1314 1019 1413 1064 τοῦ
1436 1015 1650 1083 τείχους
1673 1015 1907 1081 πλησίον
1932 1035 1974 1068 10

217 1097 309 1151 καὶ
332 1102 475 1153 πολὺ
500 1103 717 1168 πλῆθος
740 1109 852 1153 τῶν
877 1099 1165 1169 ἐδωδίμων
1191 1099 1650 1170 ἐπιδεικνύμενοι,
1673 1107 1746 1171 τῷ
1772 1101 1908 1153 κατὰ

219 1194 362 1256 σφᾶς
377 1190 524 1261 κόρῳ
548 1189 647 1241 τὸν
673 1189 836 1257 λιμὸν
852 1198 963 1241 τῶν
985 1191 1265 1258 πολεμίων
1285 1186 1542 1254 ἐξέκαιον.
1576 1188 1758 1259 <522>
1773 1190 1911 1259 πρὸς

220 1271 282 1327 δὲ
320 1277 380 1328 τὸ
420 1276 601 1339 πάθος
633 1285 745 1329 τῶν
771 1286 1110 1330 στασιαστῶν
1142 1274 1316 1346 μηδὲν
1351 1275 1706 1347 ἐνδιδόντων,
1753 1279 1911 1340 Τίτος

219 1365 504 1434 οἰκτείρων
528 1365 594 1417 τά
620 1368 853 1429 λείψανα
876 1373 975 1419 τοῦ
1001 1366 1182 1434 δήμου
1205 1363 1296 1419 καὶ
1322 1365 1647 1430 σπουδάζων
1677 1367 1738 1419 τὸ
1771 1373 1911 1434 γοῦν

217 1453 413 1521 περιὸν
475 1452 773 1522 ἐξαρπάσαι
828 1453 996 1506 πάλιν
1049 1455 1245 1525 ἤρχετο
1305 1454 1604 1523 χωμάτων,
1664 1458 1913 1524 χαλεπῶς
1937 1475 1979 1508 15

219 1540 366 1612 αὐτῷ
412 1547 508 1609 τῆς
552 1541 688 1610 ὕλης
735 1540 1116 1611 ποριζομένης·
1181 1542 1363 1612 <523>
1408 1542 1441 1610 ἡ
1489 1539 1591 1612 μὲν
1638 1543 1742 1613 γάρ
1787 1540 1914 1613 περὶ

218 1629 321 1696 τὴν
351 1631 517 1682 πόλιν
548 1636 697 1682 πᾶσα
729 1639 844 1693 τοῖς
875 1629 1162 1701 προτέροις
1195 1633 1377 1701 ἔργοις
1408 1629 1720 1699 ἐκκέκοπτο,
1760 1644 1914 1684 συνε-

219 1720 438 1787 φόρουν
494 1715 541 1770 δ’
600 1719 775 1788 ἄλλην
831 1716 927 1772 ἀπ’
981 1719 1311 1789 ἐνενήκοντα
1359 1721 1601 1773 σταδίων
1648 1720 1707 1773 οἱ
1753 1733 1914 1790 στρα-

218 1814 423 1858 τιῶται.
500 1804 592 1859 καὶ
639 1808 779 1876 πρὸς
833 1811 1006 1878 μόνης
1059 1808 1245 1874 ὕψουν
1294 1815 1391 1877 τῆς
1433 1806 1730 1871 Ἀντωνίας
1779 1809 1914 1862 κατὰ

219 1892 355 1963 μέρη
411 1893 637 1965 τέτταρα
692 1899 835 1950 πολὺ
893 1900 1114 1966 μείζονα
1167 1906 1279 1951 τῶν
1338 1896 1623 1968 προτέρων
1676 1898 1913 1968 χώματα.
1939 1919 1981 1950 20

218 1981 401 2051 (524)
439 1985 672 2054 περιιὼν
713 1982 762 2037 δ’
806 1985 835 2039 ὁ
876 1988 1093 2057 Καῖσαρ
1132 1986 1199 2038 τά
1237 1985 1501 2055 τάγματα,
1540 1983 1633 2039 καὶ
1671 1988 1916 2039 κατεπεί-

218 2090 335 2138 γων
387 2067 655 2141 τοῦργον,
714 2072 1003 2127 ἐπεδείκνυ
1058 2083 1172 2137 τοῖς
1219 2078 1444 2145 λῃσταῖς
1491 2075 1567 2137 ὡς
1617 2073 1676 2127 ἐν
1726 2073 1916 2145 χερσὶν

218 2163 412 2227 εἴησαν
459 2160 647 2214 αὐτοῦ.
729 2163 910 2231 <525>
958 2165 1151 2231 μόνοις
1198 2160 1246 2215 δ’
1300 2162 1532 2226 ἐκείνοις
1578 2164 1684 2234 ἄρα
1733 2171 1916 2216 κακῶν

220 2245 510 2301 ἀπωλώλει
549 2248 901 2320 μεταμέλεια,
949 2249 1040 2304 καὶ
1087 2252 1183 2314 τάς
1221 2252 1401 2320 ψυχὰς
1439 2254 1773 2322 χωρίσαντες
1811 2250 1916 2304 ἀπὸ

219 2344 331 2389 τῶν
357 2338 626 2406 σωμάτων
649 2337 985 2410 ἀμφοτέροις
1009 2341 1082 2403 ὡς
1106 2338 1418 2411 ἀλλοτρίοις
1442 2339 1698 2412 ἐχρῶντο.
1734 2339 1916 2409 <526>
1943 2360 1985 2394 25
2031 2382 2032 2418 3

221 2425 350 2478 οὔτε
390 2426 496 2496 γάρ
535 2426 718 2490 πάθος
757 2428 941 2481 αὐτῶν
979 2426 1188 2498 ἡμέρου
1220 2429 1322 2498 τὴν
1355 2430 1556 2499 ψυχήν,
1597 2423 1712 2482 οὔτ’
1753 2427 1918 2498 ἀλγη-
2031 2421 2032 2444 ³

221 2514 338 2566 δὼν
376 2515 575 2582 ἥπτετο
615 2523 717 2569 τοῦ
758 2517 1022 2586 σώματος,
1063 2518 1122 2571 οἵ
1151 2537 1215 2586 γε
1246 2515 1337 2571 καὶ
1368 2519 1569 2588 νεκρὸν
1601 2519 1699 2571 τὸν
1739 2519 1919 2587 δῆμον

220 2603 404 2671 ὥσπερ
444 2605 609 2666 κύνες
657 2604 1020 2675 ἐσπάραττον
1043 2604 1134 2659 καὶ
1174 2607 1241 2659 τὰ
1288 2607 1633 2675 δεσμωτήρια
1672 2614 1783 2659 τῶν
1824 2606 1919 2677 ἀρ-

175 2685 178 2687 v
219 2691 449 2761 ρώστων
489 2691 916 2762 ἐνεπίμπλασαν.

133 2779 202 2832 13

333 2779 517 2850 <527>
556 2783 753 2850 Σίμων
793 2790 933 2850 γοῦν
974 2780 1106 2836 οὐδὲ
1145 2785 1435 2852 Ματθίαν,
1476 2780 1548 2836 δι’
1589 2782 1655 2836 ὃν
1694 2781 1921 2853 κατέσχε
1945 2804 1987 2836 30

219 2868 321 2936 τὴν
352 2871 539 2939 πόλιν,
577 2868 949 2939 ἀβασάνιστον
981 2870 1180 2925 ἀνειλε.
1230 2874 1462 2941 Βοηθοῦ
1493 2881 1621 2935 παις
1652 2867 1723 2940 ἦν
1757 2868 1918 2935 οὗτος
