2032 3128
730 103 941 144 ΛοΓοΣ
973 104 1174 145 meroz
1691 99 1791 150 127

109 234 294 302 τύχην.
372 235 554 304 <417>
596 235 625 288 ὃ
667 233 729 288 δὲ
767 235 898 298 τοὺς
944 233 1045 305 μὲν
1084 237 1406 299 στασιώδεις
1447 233 1538 289 καὶ
1578 239 1796 305 λῃστρι-

108 320 240 383 κοὺς
293 322 501 385 πάντας
554 318 651 375 ὑπ’
688 323 943 392 ἀλλήλων
991 322 1450 392 ἐνδεικνυμένους
1496 322 1795 390 ἀπέκτεινε,

108 419 218 461 τῶν
258 407 319 462 δὲ
365 408 510 463 νέων
556 410 685 473 τοὺς
730 411 1111 480 ὑψηλοτάτους
1162 410 1252 464 καὶ
1298 411 1502 474 καλοὺς
1552 410 1798 472 ἐπιλέξας

109 496 287 566 ἐτήρει
334 505 408 569 τῷ
455 499 729 570 θριάμβῳ.
814 500 994 567 <418>
1040 505 1139 551 τοῦ
1188 495 1248 550 δὲ
1295 502 1493 551 λοιποῦ
1546 500 1799 566 πλήθους

63 606 84 638 5
108 584 239 648 τοὺς
277 583 416 656 ὑπὲρ
450 583 810 639 ἑπτακαίδεκα
851 588 942 653 ἔτη
984 587 1155 654 δήσας
1196 588 1436 654 ἔπεμψεν
1468 587 1546 647 εἰς
1575 587 1642 638 τὰ
1675 580 1792 638 κατ’

106 677 394 741 Αἴγυπτον
434 676 591 744 ἔργα,
637 678 928 737 πλείστους
967 672 1016 726 δ’
1049 677 1127 737 εἰς
1165 675 1260 736 τὰς
1308 673 1566 743 ἐπαρχίας
1605 674 1797 726 διεδω-

106 763 310 829 ρήσατο
342 765 521 830 Τίτος,
559 761 1027 831 φθαρησομένους
1058 762 1119 816 ἐν
1149 771 1264 825 τοῖς
1297 763 1556 829 θεάτροις
1587 763 1796 833 σιδήρῳ

104 848 196 902 καὶ
234 853 470 919 θηρίοις.
534 850 594 903 οἶ
628 848 681 902 δ’
710 850 865 913 ἐντὸς
898 849 1257 903 ἑπτακαίδεκα
1290 849 1427 903 ἐτῶν
1459 849 1796 918 ἐπράθησαν.

106 937 287 1006 <419>
329 937 656 1006 ἐφθάρησαν
696 937 742 990 δ’
774 940 976 1007 αὐτῶν,
1017 939 1077 991 ἐν
1118 931 1203 1001 αἷς
1242 937 1517 1008 διέκρινεν
1550 937 1579 991 ὁ
1615 940 1796 1006 Φρόν-

39 1046 80 1078 10
105 1045 215 1078 των
255 1024 506 1094 ἡμέραις,
545 1024 642 1078 ὑπ’
674 1025 888 1089 ἐνδείας
926 1029 1094 1096 χίλιοι
1132 1028 1270 1096 πρὸς
1307 1036 1422 1089 τοῖς
1460 1029 1704 1095 μυρίοις,
1744 1029 1802 1079 οἳ

104 1110 205 1182 μὲν
250 1114 359 1167 ὑπὸ
415 1118 612 1182 μίσους
663 1124 776 1168 τῶν
832 1115 1100 1183 φυλάκων
1155 1116 1227 1183 μὴ
1284 1114 1798 1183 μεταλαμβάνοντες

102 1209 332 1271 τροφῆς,
380 1205 438 1256 οἳ
474 1200 523 1255 δ’
556 1202 624 1256 οὐ
670 1204 1026 1273 προσιέμενοι
1067 1201 1382 1272 διδομένην.
1459 1204 1597 1273 πρὸς
1636 1200 1697 1255 δὲ
1735 1204 1795 1255 τὸ

101 1293 318 1358 πλῆθος
355 1287 426 1359 ἣν
466 1293 650 1345 ἔνδεια
689 1290 780 1345 καὶ
821 1296 993 1346 σίτου.

215 1378 398 1449 <420>
436 1389 548 1433 τῶν
579 1377 681 1449 μὲν
714 1376 816 1434 οὗν
849 1382 1209 1451 αἰχμαλώτων
1240 1380 1482 1446 πάντων,
1522 1380 1625 1433 ὅσα
1660 1378 1790 1433 καθ’
1829 1396 1854 1434 3

34 1488 78 1520 15
103 1466 236 1520 ὅλον
285 1466 502 1537 ἐλήφθη
558 1470 657 1522 τὸν
703 1472 968 1538 πόλεμον,
1023 1468 1262 1540 ἀριθμὸς
1319 1467 1479 1522 ἐννέα
1533 1469 1796 1539 μυριάδες

100 1552 191 1607 καὶ
239 1553 632 1626 ἑπτακισχίλιοι
680 1559 963 1629 συνήχθη,
1010 1567 1121 1610 τῶν
1171 1556 1223 1610 δ’
1253 1557 1615 1627 ἀπολομένων
1660 1558 1796 1610 κατὰ

98 1650 281 1696 πᾶσαν
342 1645 443 1712 τὴν
504 1649 831 1716 πολιορκίαν
894 1647 1159 1716 μυριάδες
1228 1644 1423 1700 ἑκατὸν
1483 1645 1576 1699 καὶ
1646 1645 1794 1698 δέκα.

99 1730 283 1800 <421>
329 1734 541 1786 τούτων
587 1735 649 1788 τὸ
696 1735 866 1788 πλέον
907 1735 1194 1804 ὁμόφυλον
1241 1732 1343 1803 μὲν
1382 1732 1502 1787 ἀλλ’
1532 1734 1635 1788 οὐκ
1683 1734 1796 1786 ἐπι-

98 1821 331 1889 χώριον·
372 1820 478 1874 ἀπὸ
519 1824 623 1892 γὰρ
663 1832 758 1892 τῆς
798 1825 978 1892 χώρας
1017 1824 1147 1892 ὅλης
1179 1822 1267 1876 ἐπὶ
1299 1824 1400 1892 τὴν
1432 1833 1543 1876 τῶν
1575 1823 1797 1892 ἀζύμων

11 1931 75 1964 -20
100 1906 298 1978 ἑορτὴν
338 1915 782 1980 συνεληλυθότες
829 1912 1085 1980 ἐξαπίνης
1131 1920 1205 1984 τῷ
1252 1911 1474 1984 πολέμῳ
1519 1910 1796 1982 περιεσχέ-

97 2002 301 2066 θησαν,
351 1999 489 2052 ὥστε
537 2003 599 2054 τὸ
647 1998 748 2069 μὲν
787 2011 1008 2069 πρῶτον
1049 2001 1238 2064 αὐτοῖς
1283 2002 1385 2070 τὴν
1425 2003 1795 2071 στενοχωρίαν

97 2085 363 2153 γενέσθαι
412 2090 660 2158 λοιμώδη
707 2089 953 2158 φθοράν,
1003 2085 1169 2152 αὖθις
1208 2086 1270 2142 δὲ
1315 2087 1406 2142 καὶ
1451 2091 1615 2157 λιμὸν
1655 2089 1795 2142 ὠκύ-

96 2194 275 2245 τερον.
345 2176 528 2245 <422>
561 2177 643 2230 ὅτι
678 2173 726 2230 δ’
759 2177 951 2248 ἐχώρει
991 2180 1293 2241 τοσούτους
1330 2178 1364 2247 ἡ
1404 2181 1582 2246 πόλις,
1622 2179 1796 2246 δῆλον

98 2262 157 2315 ἐκ
195 2272 307 2316 τῶν
347 2263 435 2318 ἐπὶ
474 2268 714 2320 Κεστίου
761 2266 1323 2336 συναριθμηθέντων,
1371 2268 1430 2331 ὃς
1472 2269 1574 2336 τὴν
1615 2267 1793 2335 ἀκμὴν

27 2375 70 2407 25
94 2359 191 2420 τῆς
228 2354 439 2415 πόλεως
480 2355 820 2424 διαδηλῶσαι
866 2355 1087 2425 Νέρωνι
1135 2359 1475 2426 βουλόμενος
1520 2375 1796 2425 καταφρο-

93 2447 287 2493 νοῦντι
326 2450 427 2495 τοῦ
467 2444 674 2506 ἔθνους
712 2444 1050 2510 παρεκάλεσε
1089 2446 1219 2507 τοὺς
1258 2443 1551 2514 ἀρχιερεῖς,
1589 2449 1648 2496 εἴ
1679 2461 1793 2506 πως

95 2529 337 2582 δυνατὸν
383 2536 466 2600 εἴη
515 2532 617 2600 τὴν
663 2534 890 2600 πληθὺν
939 2531 1434 2602 ἐξαριθμήσασθαι.
1512 2532 1697 2601 <423>
1739 2534 1798 2584 οἳ

94 2614 145 2670 δ’
192 2618 459 2687 ἐνστάσης
521 2626 616 2688 τῆς
671 2617 861 2689 ἑορτῆς
924 2617 1128 2691 (πάσχα
1186 2618 1484 2691 καλεῖται),
1546 2618 1680 2673 καθ’
1721 2620 1793 2688 ἣν

92 2708 301 2780 θύουσι
356 2705 458 2776 μὲν
508 2708 614 2761 ἀπὸ
669 2715 764 2776 τῆς
819 2707 1012 2776 ἐνάτης
1067 2710 1211 2779 ὥρας
1266 2708 1425 2779 μέχρι
1481 2707 1794 2777 ἑνδεκάτης,

25 2817 71 2849 30
95 2795 277 2865 ὥσπερ
319 2793 380 2850 δὲ
421 2800 663 2867 φρατρία
703 2795 828 2867 περὶ
869 2796 1102 2867 ἑκάστην
1134 2801 1382 2866 γίγνεται
1421 2799 1649 2864 θυσίαν,
1691 2796 1794 2851 οὐκ

92 2885 321 2938 ἔλαττον
367 2884 593 2953 ἀνδρῶν
641 2884 773 2939 δέκα
828 2884 1027 2957 (μόνον
1074 2887 1180 2958 γὰρ
1229 2887 1331 2940 οὐκ
1380 2886 1553 2950 ἔξεστι
1602 2886 1793 2939 δαίνυ-
