2032 3128
684 142 895 184 ΛοΓοΣ
927 142 1251 184 ΠΡοΤΕΡοΣ
1713 140 1816 192 197

130 273 479 343 γελλομένων
525 275 620 337 τὰς
676 263 919 346 ἱστορίας
973 275 1319 345 συγγράφειν
1365 275 1465 342 τὴν
1514 273 1819 345 εὐχέρειαν·

129 362 272 431 <58>
329 363 530 425 ἱκανῶς
583 360 644 415 δὲ
699 366 966 433 φανερόν,
1021 364 1110 426 ὡς·
1144 359 1321 432 οἶμαι,
1374 364 1684 432 πεποιηκὼς
1738 364 1822 416 ὅτι

128 451 358 520 πάτριός
411 450 560 504 ἐστιν
615 451 648 519 ἡ
706 450 831 520 περὶ
885 461 997 505 τῶν
1050 455 1299 504 παλαιῶν
1355 451 1650 522 ἀναγραφὴ
1705 460 1822 513 τοῖς

128 539 430 609 βαρβάροις
483 544 695 607 μᾶλλον
744 540 777 609 ἢ
832 549 947 602 τοῖς
991 537 1273 608 ’Ἑλλησιν,
1327 541 1601 608 βούλομαι
1655 539 1822 608 μικρὰ

84 629 400 697 5πρότερον
448 628 812 698 διαλεχθῆναι
863 629 1002 696 πρὸς
1048 630 1177 690 τοὺς
1227 628 1639 698 ἐπιχειροῦντας
1691 626 1826 681 νέαν

127 714 285 784 ἡμῶν
324 714 658 785 ἀποφαίνειν
697 717 798 784 τὴν
844 715 1178 769 κατάστασιν
1227 715 1286 768 ἐκ
1331 725 1430 770 τοῦ
1477 713 1654 785 μηδὲν
1699 713 1826 783 περὶ

128 802 305 872 ἡμῶν,
349 804 421 866 ὥς
459 817 632 871 φασιν
673 801 899 870 ἐκεῖνοι,
948 802 1208 873 λελέχθαι
1246 805 1394 874 παρὰ
1433 813 1547 866 τοῖς
1575 801 1826 872 Ἑλληνι-

127 901 246 954 κοῖς
293 899 734 961 συγγραφεῦσιν·
782 891 928 960 <59>
977 888 1094 944 εἶτα
1141 888 1203 944 δὲ
1250 893 1346 955 τὰς
1392 896 1694 964 μαρτυρίας
1731 900 1826 960 τῆς

127 979 484 1050 ἀρχαιότητος
532 979 590 1033 ἐκ
640 989 751 1040 τῷν
796 978 930 1051 παρ’
967 981 1155 1043 ἄλλοις
1208 982 1543 1050 γραμμάτων
1589 979 1824 1049 παρέξω,

61 1092 103 1124 10
126 1066 218 1121 καὶ
265 1070 394 1131 τοὺς
439 1071 968 1138 βεβλασφημηκότας
1020 1069 1177 1138 ἡμῶν
1222 1071 1284 1123 τὸ
1336 1067 1497 1138 γένος
1551 1067 1822 1132 ἀποδείξω

127 1159 254 1209 λίαν
294 1155 508 1224 ἀλόγως
546 1160 1023 1227 βλασφημοῦντας.

238 1245 386 1314 <6Ο>
424 1245 580 1314 ἡμεῖς
617 1250 811 1299 τοίνυν
852 1248 978 1300 οὔτε
1021 1248 1207 1316 χώραν
1247 1247 1509 1315 οἰκοῦμεν
1547 1246 1823 1317 παράλιον

127 1331 244 1387 οὔτ’
287 1333 574 1403 ἐμπορίαις
620 1338 903 1404 χαίρομεν,
950 1332 1084 1389 οὐδὲ
1130 1344 1248 1398 ταῖς
1292 1335 1430 1405 πρὸς
1478 1335 1684 1398 ἄλλους
1731 1336 1824 1388 διὰ

126 1423 341 1476 τούτων
381 1422 695 1492 ἐπιμιξίαις·
745 1420 863 1477 ἀλλ’
898 1422 1004 1477 εἰσὶ
1052 1420 1153 1493 μὲν
1192 1423 1349 1492 ἡμῶν
1388 1423 1450 1476 αἱ
1490 1426 1678 1487 πόλεις
1723 1443 1824 1493 μα-

61 1534 103 1567 15
127 1513 266 1582 κρὰν
322 1511 428 1565 ἀπὸ
482 1512 762 1580 θαλάττης
816 1510 1216 1586 ἀπῳκισμέναι,
1270 1513 1457 1582 χώραν
1511 1509 1561 1565 δ’
1601 1510 1823 1581 ἀγαθὴν

125 1603 422 1670 νεμόμενοι
453 1601 659 1669 ταύτην
688 1600 1049 1670 ἐκπονοῦμεν,
1081 1601 1315 1669 μάλιστα
1350 1597 1411 1653 δὲ
1441 1601 1665 1654 πάντων
1698 1599 1826 1668 περὶ

124 1691 531 1759 παιδοτροφίαν
578 1693 1038 1759 φιλοκαλοῦντες,
1091 1687 1183 1742 καὶ
1237 1691 1298 1742 τὸ
1347 1690 1647 1758 φυλάττειν
1693 1692 1826 1753 τοὺς

125 1781 332 1848 νόμους
362 1775 455 1830 καὶ
486 1779 588 1846 τὴν
618 1779 755 1830 κατὰ
786 1779 1017 1841 τούτους
1047 1777 1504 1848 παραδεδομένην
1536 1776 1825 1846 εὐσέβειαν

9 1939 14 1942 ⁴
126 1869 292 1937 ἔργον
346 1866 780 1935 ἀναγκαιότατον
833 1868 1038 1930 παντὸς
1099 1875 1199 1920 τοῦ
1259 1869 1387 1935 βίου
1447 1865 1824 1936 πεποιημένοι.

59 1978 103 2010 20
125 1957 270 2026 <61>
308 1956 626 2026 προσούσης
666 1959 860 2009 τοίνυν
899 1965 1015 2018 τοῖς
1061 1954 1371 2024 εἰρημένοις
1418 1953 1509 2009 καὶ
1555 1963 1652 2025 τῆς
1697 1953 1824 2024 περὶ

125 2047 224 2099 τὸν
265 2047 391 2114 βίον
437 2044 595 2113 ἡμῶν
644 2045 941 2114 ἰδιότητος,
990 2042 1156 2098 οὐδὲν
1196 2041 1266 2112 ἦν
1306 2043 1366 2097 ἐν
1409 2053 1525 2107 τοῖς
1569 2048 1824 2107 παλαιοῖς

125 2136 349 2204 χρόνοις
386 2135 447 2187 τὸ
487 2141 688 2187 ποιοῦν
718 2135 856 2203 πρὸς
890 2135 1021 2196 τοὺς
1050 2132 1326 2202 ’Έλληνας
1363 2132 1498 2201 ἡμῖν
1530 2131 1823 2202 ἐπιμιξίαν,

127 2223 310 2291 ὥσπερ
352 2223 682 2290 Αἰγυπτίοις
727 2219 829 2291 μὲν
876 2223 942 2275 τὰ
987 2219 1116 2292 παρ’
1156 2222 1340 2275 αὐτῶν
1382 2220 1684 2291 ἐξαγόμενα
1731 2220 1823 2275 καὶ

126 2312 264 2381 πρὸς
318 2310 520 2374 αὐτοὺς
573 2313 928 2380 εἰσαγόμενα,
983 2319 1100 2374 τοῖς
1154 2307 1215 2364 δὲ
1262 2311 1363 2378 τὴν
1408 2311 1683 2382 παράλιον
1724 2318 1824 2379 ,τῆς

59 2421 104 2454 25
130 2402 396 2468 Φοινίκης
444 2406 800 2454 κατοικοῦσιν
846 2401 879 2468 ἡ
927 2398 1053 2469 περὶ
1098 2400 1194 2463 τὰς
1240 2403 1537 2468 καπηλείας
1589 2398 1681 2452 καὶ
1727 2401 1826 2462 τὰς

129 2488 392 2558 ἐμπορίας
432 2490 648 2558 σπουδὴ
691 2489 783 2541 διὰ
819 2491 881 2542 τὸ
914 2494 1363 2559 φιλοχρηματεῖν.
1427 2489 1572 2557 <62>
1606 2487 1674 2541 οὐ
1713 2489 1823 2556 μὴν

127 2574 260 2631 οὐδὲ
313 2579 450 2647 πρὸς
504 2580 757 2649 λῃστείας
813 2578 994 2647 ὥσπερ
1049 2578 1207 2631 ἄλλοι
1261 2575 1407 2645 τινες
1455 2577 1489 2646 ἢ
1536 2579 1598 2630 τὸ
1652 2574 1824 2629 πλέον

127 2667 273 2735 ἔχειν
306 2664 500 2729 ἀξιοῦν
538 2670 911 2735 πολεμοῦντες
950 2665 1261 2736 ἐτράπησαν
1296 2667 1454 2735 ἡμῶν
1487 2667 1545 2719 015
1578 2664 1824 2735 πατέρες,

125 2756 304 2808 καίτοι
357 2755 564 2818 πολλὰς
616 2762 710 2823 τῆς
763 2755 944 2825 χώρας
998 2754 1228 2824 ἐχούσης
1282 2755 1554 2824 μυριάδας
1600 2753 1823 2820 ἀνδρῶν

0 2907 2 2909 .
58 2863 102 2897 30
128 2843 230 2896 οὐκ
284 2842 555 2912 ἀτόλμων.
639 2843 785 2911 <63>
843 2844 935 2896 διὰ
989 2850 1152 2896 τοῦτο
1204 2846 1463 2906 Φοίνικες
1516 2840 1618 2912 μὲν
1665 2840 1824 2896 αὐτοὶ

125 2929 247 2984 κατ’
309 2931 578 3003 ἐμπορίαν
648 2941 763 2995 τοῖς
824 2931 1090 3001 “Έλλησιν
1161 2930 1575 2995 ἐπεισπλέοντες
1651 2931 1826 2994 εὐθὺς

1857 1265 1911 1304 12
