2032 3128
222 93 331 145 254
681 94 917 136 CONTRA
949 93 1220 135 APIONEM
1246 94 1363 136 LIB.
1387 94 1446 140 Π.

221 227 372 280 11111111
416 205 588 295 neque
625 244 723 295 pro
762 226 890 278 filiis
936 244 1252 296 peragamus
1260 270 1274 296 ,
1320 226 1449 279 solis
1488 227 1899 295 imperatoribus

222 316 362 367 hunc
406 314 666 367 honorem
717 314 1061 383 praecipuum
1105 315 1307 383 pariter
1353 314 1688 386 exhibemus,
1741 334 1899 384 quem

221 404 501 456 hominum
545 402 683 455 nulli
728 402 1095 471 persolvimus
1174 402 1316 471 <78>
1360 402 1490 455 haec
1536 403 1718 471 itaque
1764 421 1901 455 com-

221 492 454 544 muniter
499 491 793 543 satisfactio
838 491 1018 560 posita
1068 490 1140 543 sit
1195 490 1445 543 adversus
1491 490 1756 560 Apionem
1801 508 1900 560 pro

221 580 307 632 his
349 598 482 649 quae
522 579 585 632 de
624 577 948 631 Alexandria
986 579 1128 631 dicta
1169 582 1306 631 sunt.
1946 602 1969 635 5

334 669 401 736 <7
409 669 477 736 9>
523 667 757 720 admiror
803 670 981 719 autem
1028 667 1190 719 etiam
1229 685 1319 719 eos
1367 667 1459 735 qui
1506 667 1553 719 ei
1598 667 1903 735 hujusmodi

221 756 464 809 fomitem
502 755 815 826 praebuere,
862 755 917 807 id
956 758 1038 807 est
1075 754 1423 808 Posidonium
1461 758 1515 807 et
1553 752 1903 823 Apollonium

222 844 454 898 Molonis
462 887 477 914 ,
531 844 785 913 quoniam
840 846 1091 895 accusant
1146 842 1359 912 quidem
1411 861 1536 914 neS,
1589 861 1751 912 quare
1804 861 1903 896 nos

222 933 433 986 eosdem
466 933 591 985 deos
623 950 744 984 cum
783 931 901 984 aliis
938 949 1050 983 non
1080 930 1317 984 colimus,
1378 932 1695 983 mentientes
1727 935 1905 984 autem

221 1022 439 1091 pariter,
477 1024 530 1073 et
567 1020 631 1073 de
667 1023 853 1073 nostro
893 1019 1095 1088 templo
1135 1019 1491 1088 blasphemias
1529 1023 1905 1088 componentes
1929 1044 1972 1075 ιο

223 1110 559 1180 incongruaS,
596 1127 707 1161 non
737 1126 793 1160 se
823 1111 1019 1177 putant
1052 1108 1214 1177 impie
1246 1125 1418 1178 agere,
1457 1125 1622 1177 quum
1653 1108 1724 1160 sit
1755 1108 1906 1161 valde

222 1198 595 1267 turpissimum
646 1196 832 1249 liberis
885 1196 1127 1266 qualibet
1180 1197 1388 1249 ratione
1442 1197 1683 1268 mentiri,
1734 1196 1906 1249 multo
2010 1188 2015 1192 ⁵

223 1287 395 1356 magis
419 1286 482 1339 de
507 1285 708 1354 templo
735 1285 875 1354 apud
905 1288 1125 1338 cunctos
1157 1284 1401 1337 homines
1430 1285 1726 1357 nominato,
1755 1288 1909 1337 tanta

226 1375 509 1428 sanctitate
546 1373 795 1443 pollente.
866 1373 1010 1443 <80>
1050 1374 1108 1426 in
1144 1374 1249 1426 hoc
1287 1373 1427 1426 enim
1466 1374 1697 1426 sacrario
1728 1372 1910 1442 Apion

223 1463 581 1532 praesumpsit
621 1463 821 1515 edicere
861 1462 998 1515 asini
1037 1465 1212 1532 caput
1237 1462 1523 1515 collocasse
1561 1462 1811 1532 Judaeos,
1856 1465 1910 1514 et
1934 1485 1977 1518 15
2016 1522 2025 1526 ⁴

223 1553 278 1604 id
332 1552 504 1604 colere
551 1570 611 1604 ac
658 1551 880 1622 dignum
933 1551 1106 1603 facere
1158 1554 1312 1603 tanta
1366 1551 1648 1621 religione3
1703 1554 1756 1603 et
1808 1550 1911 1602 hoc

224 1640 455 1693 affirmat
499 1640 664 1692 fuisse
710 1639 1040 1712 depalatum,
1085 1640 1211 1692 dum
1256 1638 1560 1693 Antiochus
1599 1639 1911 1709 Epiphanes

225 1734 277 1782 01,
323 1729 676 1799 exspoliasset
728 1728 990 1798 templum
1039 1732 1092 1781 et
1138 1728 1274 1781 illud
1319 1732 1479 1797 caput
1524 1729 1802 1782 inventum
1847 1744 1911 1778 ex

224 1837 353 1871 auro
402 1818 781 1889 compositum,
830 1818 1015 1869 multis
1060 1817 1300 1886 pecuniis
1348 1817 1582 1886 dignum.
1661 1816 1806 1883 <81>
1847 1814 1912 1867 3(1

223 1908 352 1960 11300
389 1908 558 1977 igitur
596 1905 746 1975 prius
789 1906 1033 1975 equidem
1079 1905 1398 1977 respondeo,
1444 1905 1698 1974 quoniam
1736 1903 1911 1973 Aegy·
1935 1928 1978 1960 20

223 1996 386 2066 ptius,
423 1995 509 2048 vel
549 1995 595 2048 si
634 1994 837 2064 aliquid
875 1995 983 2047 tale
1015 1995 1156 2064 apud
1192 2013 1291 2047 nos
1329 1994 1537 2064 fuisset,
1572 2011 1911 2062 nequaquam

225 2084 480 2137 debuerat
540 2085 836 2154 increpare,
898 2102 1063 2152 quum
1129 2101 1241 2135 non
1302 2083 1375 2136 sit
1436 2081 1667 2135 deterior
1729 2080 1911 2133 asinus

224 2172 508 2226 furonibus
565 2177 618 2225 et
670 2172 837 2224 hircis
893 2176 946 2225 et
1001 2172 1120 2225 aliis
1168 2172 1262 2241 qui
1317 2175 1444 2224 sunt
1499 2169 1639 2239 apud
1686 2187 1777 2222 eos
1825 2168 1912 2221 dii.

223 2262 368 2330 <82>
422 2261 607 2314 deinde
655 2261 921 2330 quomodo
967 2279 1078 2314 non
1131 2260 1396 2313 intellexit
1444 2258 1695 2329 operibus
1747 2258 1912 2310 incre-

223 2353 383 2419 patus
431 2350 493 2402 (10
538 2349 839 2402 incredibili
887 2368 983 2402 suo
1030 2349 1340 2402 mendacio?
1424 2348 1636 2418 legibus
1663 2364 1911 2414 vnamque
1935 2369 1978 2402 25

226 2456 434 2508 semper
464 2438 668 2490 utimur
698 2437 910 2508 iisdem,
948 2439 1006 2490 in
1038 2438 1234 2506 quibus
1270 2437 1383 2490 sine
1414 2437 1520 2489 fine
1551 2435 1910 2489 consistimus.
1988 2482 1990 2484 ,

225 2532 278 2580 01,
326 2545 491 2597 quum
536 2526 672 2579 varii
726 2544 881 2579 casus
934 2530 1177 2580 nostram
1233 2526 1503 2579 civitatem
1558 2525 1696 2577 sicut
1749 2516 1910 2577 etiam

227 2617 454 2670 aliorum
495 2615 828 2686 vexaverint,
875 2618 927 2668 et
965 2615 1094 2668 Pius
1143 2633 1203 2668 30
1248 2614 1534 2683 Pompejus
1573 2612 1806 2683 Magnus
1854 2631 1913 2665 ac

226 2705 462 2758 Licinius
499 2702 725 2757 Crassus
764 2707 818 2756 01,
857 2704 921 2755 3(1
959 2704 1314 2757 novissimum
1345 2702 1501 2755 Titus
1535 2700 1729 2755 Caesar
1768 2701 1910 2753 bello

226 2795 497 2847 vincentes
548 2792 880 2846 obtinuerint
927 2793 1211 2863 templum,
1262 2791 1402 2844 nihil
1449 2790 1756 2859 hujusmodi
1801 2789 1912 2842 11110
1935 2811 1978 2843 30

227 2884 488 2954 invenere,
527 2882 617 2935 sed
655 2882 995 2951 purissimam
1035 2882 1306 2952 pietatem,
1345 2880 1408 2932 de
1440 2898 1546 2949 qua
1575 2878 1713 2931 nihil
1750 2878 1908 2931 nobis
