2032 3128
631 662 871 716 ΛΟΓΟΣ
911 662 1313 716 ΔΕΥΤΕΡΟΣ.

241 871 346 938 <1>
381 870 493 922 Διὰ
524 866 625 938 μὲν
658 865 760 922 οὖν
799 877 898 923 τοῦ
937 870 1209 938 προτέρου
1248 873 1488 938 βιβλίου,
1526 867 1815 938 τιμιώτατέ

129 978 222 1026 μοι
265 956 656 1026 Ἐπαφρόδιτε,
703 961 832 1027 περί
871 978 927 1010 τε
973 965 1068 1027 τῆς
1106 957 1459 1028 ἀρχαιότητος
1500 957 1654 1027 ἡμῶν
1694 956 1811 1011 έπέ-

129 1045 306 1114 δειξα,
361 1056 474 1108 τοῖς
532 1049 811 1099 Φοινίκων
865 1044 954 1099 καὶ
1003 1048 1297 1099 Χαλδαίων
1350 1045 1441 1099 καὶ
1491 1048 1811 1114 Αἰγυπτίων

82 1156 102 1188 5
127 1134 407 1202 γράμμασι
468 1134 882 1203 πιστωσάμενος
941 1135 1041 1203 τὴν
1098 1135 1366 1202 ἀλήθειαν
1427 1132 1517 1187 καὶ
1572 1137 1812 1197 πολλοὺς

128 1233 239 1276 τῶν
303 1220 582 1290 Ἑλλήνων
644 1232 978 1292 συγγραφεῖς
1042 1225 1457 1292 παρασχόμενος
1516 1223 1811 1292 μάρτυρας,

124 1313 224 1378 τήν
278 1310 323 1363 τ’
373 1311 696 1381 ἀντίρρησιν
753 1310 1092 1380 ἐποιησάμην
1149 1314 1285 1381 πρὸς
1339 1315 1670 1364 Μανεθῶνα
1721 1311 1811 1365 καὶ

127 1401 448 1469 Χαιρήμονα
502 1402 598 1452 καί
645 1419 798 1462 τινας
845 1397 1084 1469 ἑτέρους·
1142 1401 1262 1468 <2>
1309 1399 1543 1469 ἄρξομαι
1597 1397 1658 1453 δὲ
1703 1408 1810 1453 νῦν

124 1489 252 1550 τοὺς
307 1486 775 1556 ὑπολειπομένους
823 1497 934 1540 τῶν
988 1491 1347 1558 γεγραφότων
1393 1509 1444 1541 τι
1489 1485 1616 1541 καθ’
1654 1488 1810 1557 ἡμῶν

56 1599 100 1631 10
125 1575 380 1646 ἐλέγχειν.
455 1579 631 1629 καίτοι
670 1575 795 1642 περὶ
834 1584 928 1644 τῆς
968 1579 1104 1645 πρὸς
1145 1574 1384 1630 Ἀπίωνα
1423 1578 1521 1630 τὸν
1561 1597 1809 1646 γραμμα-

123 1666 276 1718 τικὸν
309 1663 677 1734 ἀντιρρήσεως
709 1663 921 1734 ἐπῆλθέ
954 1684 1048 1734 μοι
1089 1666 1376 1732 διαπορεῖν
1417 1666 1469 1716 εἰ
1506 1666 1607 1734 χρὴ
1643 1680 1811 1719 σπου-

125 1754 311 1806 δάσαι·
376 1754 480 1822 <3>
519 1754 582 1805 τὰ
622 1750 723 1822 μὲν
770 1753 874 1821 γάρ
915 1752 1029 1806 ἐστι
1076 1763 1185 1806 τῶν
1224 1751 1323 1805 ὑπ’
1360 1752 1531 1806 αὐτοῦ
1576 1773 1810 1822 γεγραμ-

124 1840 306 1910 μένων
352 1851 466 1904 τοῖς
511 1839 607 1895 ὑπ’
649 1842 834 1894 ἄλλων
880 1840 1187 1910 εἰρημένοις
1234 1841 1421 1910 ὅμοια,
1475 1842 1539 1894 τὰ
1581 1839 1641 1894 δὲ
1683 1845 1810 1896 λίαν

123 1939 345 2001 ψυχρῶς
384 1928 792 1999 προστέθεικεν,
838 1931 903 1983 τὰ
941 1935 1166 1983 πλεῖστα
1190 1927 1266 1982 ’δὲ
1306 1932 1657 2000 βωμολοχίαν
1699 1934 1809 2001 ἔχει

55 2041 96 2072 15
121 2017 212 2072 καὶ
257 2021 489 2087 πολλήν,
543 2021 595 2071 εἰ
640 2020 727 2071 δεῖ
770 2015 1007 2087 τάληθὲς
1052 2021 1246 2085 εἰπεῖν,
1303 2018 1682 2087 ἀπαιδευσίαν,
1736 2020 1810 2081 ὡς

120 2107 190 2160 ἂν
228 2105 324 2160 ὑπ’
364 2107 668 2177 ἀνθρώπου
709 2110 1038 2175 συγκείμενα
1077 2105 1168 2159 καὶ
1206 2108 1426 2176 φαύλου
1465 2109 1562 2160 τὸν
1601 2110 1807 2177 τρόπον

119 2195 210 2248 καὶ
248 2197 394 2266 παρὰ
433 2196 610 2249 πάντα
648 2196 745 2249 τὸν
784 2198 910 2264 βίον
951 2195 1272 2265 ὀχλαγωγοῦ
1316 2197 1621 2263 γεγονότος.
1698 2196 1805 2264 <4>

119 2283 238 2338 ἐπεὶ
278 2283 326 2337 δ’
360 2286 419 2338 οἱ
451 2282 646 2337 πολλοὶ
686 2294 795 2337 τῶν
835 2284 1151 2353 ἀνθρώπων
1192 2285 1283 2337 διὰ
1322 2285 1422 2353 τὴν
1461 2284 1659 2338 ἄνοιαν
1698 2284 1806 2338 ὑπὸ

116 2383 227 2426 τῶν
273 2373 538 2426 τοιούτων
585 2371 901 2425 ἁλίσκονται
947 2374 1129 2440 λόγων
1175 2376 1385 2441 μᾶλλον
1432 2371 1466 2440 ἢ
1509 2381 1618 2426 τῶν
1665 2373 1799 2440 μετά

53 2483 95 2514 20
119 2481 268 2524 τινος
316 2462 559 2529 σπουδῆς
611 2459 1024 2530 γεγραμμένων,
1078 2459 1168 2514 καὶ
1221 2464 1476 2531 χαίρουσι
1530 2458 1631 2529 μὲν
1686 2470 1805 2523 ταῖς

119 2551 729 2620 λοιδορίαις·ἄχθονται
769 2545 830 2601 δὲ
868 2557 982 2611 τοῖς
1022 2548 1289 2617 ἐπαίνοις,
1331 2549 1633 2617 ἀναγκαῖον
1671 2548 1804 2617 ἡγη-

119 2638 298 2707 σάμην
359 2635 502 2712 εἶναι
571 2634 709 2706 μηδὲ
769 2646 967 2691 τοῦτον
1037 2636 1394 2701 ἀνεξέταστον
1461 2641 1801 2705 καταλιπεῖν,

118 2730 451 2795 κατηγορίαν
505 2726 660 2795 ἡμῶν
715 2727 975 2795 ἄντικρυς
1036 2727 1107 2789 ὡς
1170 2725 1230 2780 ἐν
1284 2727 1409 2797 δίκῃ
1470 2728 1805 2795 γεγραφότα·

118 2815 223 2884 <5>
261 2815 352 2868 καὶ
391 2816 512 2884 γὰρ.
537 2810 607 2868 αὖ
654 2813 873 2867 κάκεῖνο
913 2824 1026 2877 τοῖς
1071 2818 1297 2877 πολλοῖς
1336 2814 1656 2880 ἀνθρώποις
1695 2813 1805 2884 ὁρῶ

53 2925 96 2957 25
121 2909 608 2973 παρακολουθοῦν,
668 2904 728 2955 τὸ
786 2906 909 2955 λίαν
965 2893 1271 2973 ἐφήδεσθαι
1325 2903 1457 2956 ὅταν
1511 2922 1592 2965 τις
1645 2901 1807 2971 ἀρξά-

208 3000 420 3032 ῙοΒΕΡΗσε.
451 2999 517 3032 VI.
1486 2994 1538 3033 16
