2032 3128
150 2741 207 2779 37

241 116 351 170 284
848 119 1007 160 ΚΑΤΑ
1037 118 1315 160 ΑΠΙΩΝΟΣ

242 269 343 306 σαν
381 251 506 320 περὶ
545 259 643 305 τοῦ
687 256 829 304 θεοῦ
868 249 1036 313 δόξαν
1073 250 1207 319 ἡμῖν
1248 253 1662 321 συνεφώνησαν.
1738 251 1916 321 <256>

241 337 339 407 ἀφ’
375 337 439 408 ἧς
486 339 750 409 ὁρμηθεὶς
798 338 827 391 ὁ
868 339 1106 391 Πλάτων
1154 340 1279 392 οὔτε
1326 349 1436 393 τῶν
1483 341 1666 394 ἄλλων
1714 340 1916 395 οὐδένα
1999 390 2006 396 .

239 438 481 496 ποιητῶν
527 441 663 495 φησι
720 429 838 480 δεῖν
886 429 962 490 εἰς
1014 428 1115 494 τὴν
1161 431 1442 482 πολιτείαν
1492 427 1916 499 παραδέχεσθαι,

239 516 328 570 καὶ
375 517 470 569 τὸν
509 514 756 585 ’Όμηρον
802 516 1062 584 εὐφήμως
1115 514 1515 585 ἀποπέμπεται,
1568 519 1920 586 στεφανώσας

238 603 329 658 καὶ
369 606 547 673 μύρον
588 604 760 657 αὐτοῦ
798 603 1078 672 καταχέας,
1117 605 1210 656 ἵνα
1249 605 1317 672 δὴ
1358 606 1430 673 μὴ
1470 607 1571 674 τὴν
1611 607 1791 674 ὀρθὴν
1828 607 1919 659 δό-
1965 622 1986 659 5

239 694 338 758 ξαν
369 692 493 761 περὶ
533 699 672 746 θεοῦ
703 702 818 754 τοῖς
857 693 1060 759 μύθοις
1100 691 1398 761 ἀφανίσειε.
1467 693 1648 761 <257>
1688 695 1920 763 μάλιστα

241 779 301 835 δὲ
348 782 587 834 Πλάτων
642 783 936 849 μεμίμηται
988 781 1085 833 τὸν
1138 779 1403 850 ἡμέτερον
1458 781 1770 850 νομοθέτην
1816 781 1919 835 κάν

239 872 312 941 τῷ
368 866 540 939 μηδὲν
589 857 730 922 οὕτω
751 903 753 905 ·
775 863 1050 938 παίδευμα
1103 869 1461 938 προστάττειν
1507 880 1622 933 τοῖς
1674 875 1923 933 πολίταις

241 961 312 1022 ὡς
351 961 411 1012 τὸ
450 958 656 1020 πάντας
696 957 934 1025 ἀκριβῶς
971 960 1100 1020 τοὺς
1137 961 1344 1026 νόμους
1384 958 1768 1027 ἐκμανθάνειν.
1830 957 1920 1012 καὶ

239 1048 349 1116 μὴν
394 1045 482 1099 καὶ
535 1044 660 1112 περὶ
714 1055 814 1099 τοῦ
868 1047 940 1114 μὴ
998 1047 1116 1099 δεῖν
1164 1047 1238 1109 ὡς
1285 1049 1476 1116 ἔτυχεν
1525 1047 1927 1116 ἐπιμίγνυσθαί
1947 1040 2013 1101 ιο

239 1156 393 1198 τινας
439 1135 668 1202 ἔξωθεν,
715 1132 831 1186 ἀλλ’
871 1130 1015 1187 εἶναι
1060 1135 1312 1202 καθαρὸν
1359 1138 1419 1188 τὸ
1466 1137 1765 1203 πολίτευμα
1811 1144 1921 1188 τῶν
2007 1123 2014 1194 J

242 1224 627 1293 ἐμμενούντων
651 1232 767 1284 τοῖς
797 1225 989 1290 νόμοις
1019 1226 1383 1291 προυνόησεν.
1440 1223 1621 1291 <258>
1653 1220 1732 1278 ὧν
1757 1220 1924 1276 οὐδὲν

240 1313 601 1381 λογισάμενος
641 1311 669 1364 ὁ
703 1313 916 1363 Μόλων
950 1308 1318 1373 Ἀπολλώνιος
1356 1312 1511 1380 ἡμῶν
1551 1315 1924 1381 κατηγόρησεν
2012 1317 2018 1362 ’ἴ

241 1402 324 1453 ὅτι
372 1401 444 1469 μὴ
491 1400 917 1469 παραδεχόμεθα
955 1402 1085 1462 τοὺς
1123 1400 1315 1462 ἄλλαις
1356 1399 1928 1469 προκατειλημμένους

241 1489 424 1553 δόξαις
462 1487 586 1556 περὶ
623 1493 781 1556 θεοῦ,
820 1484 958 1557 μηδὲ
996 1497 1290 1541 κοινωνεῖν
1327 1488 1594 1557 ἐθέλομεν
1634 1499 1749 1552 τοῖς
1787 1488 1914 1542 καθ’
1953 1488 2032 1543 15*

241 1576 430 1645 ἑτέραν
457 1578 764 1644 συνήθειαν
789 1579 919 1645 βιόυ
953 1579 1047 1645 ζῆν
1070 1577 1547 1646 προαιρουμένοις.
1596 1576 1777 1646 <259>
1802 1575 1920 1631 ἀλλ’

240 1663 371 1719 οὐδὲ
411 1663 559 1718 τοῦτ’
595 1663 745 1718 ἐστὶν
786 1666 933 1718 ἴδιον
973 1665 1147 1734 ἡμῶν,
1194 1667 1386 1719 κοινὸν
1428 1664 1489 1719 δὲ
1537 1667 1780 1733 πάντων,
1828 1666 1927 1735 οὐχ

231 1753 511 1822 Ἑλλήνων
561 1751 622 1806 δὲ
679 1756 866 1821 μόνων
913 1753 1051 1806 ἀλλά
1105 1752 1194 1806 καὶ
1246 1763 1357 1806 τῶν
1404 1754 1464 1807 ἐν
1512 1764 1625 1817 τοῖς
1664 1753 1928 1823 ’Έλλησιν

239 1842 710 1912 εὐδοκιμωτάτων.
771 1843 1204 1910 Λακεδαιμόνιοι
1237 1839 1299 1894 δὲ
1329 1841 1419 1895 καὶ
1457 1842 1779 1912 ξενηλασίας
1809 1861 1929 1896 ποι-

240 1933 467 1999 ούμενοι
508 1929 791 1984 διετέλουν
830 1929 921 1983 καὶ
960 1940 1077 1993 τοῖς
1117 1930 1300 1983 αὑτῶν
1335 1930 1643 2000 ἀποδημεῖν
1681 1933 1930 1994 πολίταις
1953 1953 1995 1984 20

241 2020 341 2074 οὐκ
382 2019 697 2088 ἐπέτρεπον,
741 2020 1065 2088 διαφθορὰν
1106 2019 1159 2082 ἐξ,
1201 2018 1408 2086 ἀμφοῖν
1447 2020 1802 2089 ὑφορώμενοι
1842 2039 1929 2088 γε·
2008 2088 2012 2090 μ

240 2111 511 2176 νήσεσθαι
557 2107 681 2177 περὶ
722 2111 853 2171 τοὺς
895 2111 1116 2176 νόμους.
1192 2108 1375 2177 <26Ο>
1415 2107 1644 2171 ἐκείνοις
1683 2106 1784 2178 μὲν
1825 2104 1928 2162 οὖν

240 2195 356 2266 τάχ’
388 2195 457 2249 ἂν
491 2197 790 2250 δυσκολίαν
822 2216 902 2258 τις
941 2197 1269 2249 ὀνειδίσειεν
1305 2199 1551 2260 εἰκότως·
1593 2195 1784 2250 οὐδενὶ
1822 2198 1926 2266 γὰρ

241 2286 368 2338 οὔτε
407 2293 502 2352 τῆς
547 2286 988 2347 πολιτείαςοῦτε
1028 2285 1124 2354 τῆς
1169 2283 1300 2355 παρ’
1335 2285 1522 2348 αὐτοῖς
1568 2286 1927 2355 μετεδίδοσαν

241 2374 547 2442 διατριβῆς·
597 2374 775 2441 <261>
813 2373 969 2441 ἡμεῖς
1008 2371 1069 2426 δὲ
1109 2375 1174 2426 τὰ
1213 2371 1315 2442 μὲν
1354 2383 1464 2427 τῶν
1503 2375 1688 2427 ἄλλων
1731 2377 1929 2443 ζηλοῦν
1953 2395 1996 2427 25
2019 2371 2023 2381 '¹

241 2460 342 2514 οὐκ
396 2460 682 2529 ἀξιοῦμεν,
744 2463 875 2523 τοὺς
936 2459 1125 2529 μέντοι
1187 2462 1431 2531 μετέχειν
1486 2470 1597 2515 τῶν
1651 2462 1929 2532 ἡμετέρων

239 2548 619 2618 βουλομένους
649 2548 823 2617 ἡδέως
856 2551 1146 2619 δεχόμεθα.
1201 2549 1292 2602 καὶ
1331 2549 1480 2603 τοῦτ’
1513 2550 1582 2604 ἂν
1615 2557 1697 2620 εἴη
1737 2553 1930 2620 τεκμή-

241 2658 383 2706 ριον,
424 2635 594 2706 οἶμαι,
634 2641 1061 2707 φιλανθρωπίας
1099 2640 1209 2706 ἅμα
1249 2637 1338 2691 καὶ
1379 2643 1802 2710 μεγαλοψυχίας.

353 2728 534 2795 <262>
583 2726 653 2779 ἐῶ
700 2724 824 2794 περὶ
872 2729 1330 2794 Λακεδαιμονίων
1378 2726 1465 2780 ἐπὶ
1516 2732 1683 2781 πλείω
1731 2729 1928 2794 λέγειν.

240 2816 299 2868 οἱ
334 2813 395 2868 δὲ
439 2816 635 2884 κοινὴν
676 2811 816 2868 εἶναι
862 2816 965 2883 τὴν
1005 2813 1216 2868 ἑαυτῶν
1257 2815 1515 2879 δόξαντες
1559 2819 1724 2870 πόλιν
1764 2815 1928 2886 Ἀθη-
1951 2837 1995 2868 30

239 2914 390 2957 ναῖοι
435 2914 552 2966 πῶς
597 2901 722 2971 περὶ
760 2904 973 2956 τούτων
1013 2899 1182 2973 εἶχον,
1227 2902 1594 2968 Ἀπολλώνιος
1640 2906 1928 2974 ἠγνόησεν,
