2032 3128
238 87 308 139 66
637 89 761 130 ΤΟΤ
792 89 1132 132 ΙΟΤΔΑΙΚΟΤ
1162 91 1469 133 ΠΟΛΕΜΟΥ

235 218 394 283 οὗτος
456 218 505 273 δ’
564 220 895 287 ἐσπούδαζεν
951 221 1255 292 ἀρέσασθαι
1309 225 1606 293 χιλίαρχον.
1682 231 1794 275 τῶν
1850 220 1909 276 δὲ

231 309 531 378 χιλιάρχων
571 307 658 361 ἐπὶ
696 311 825 371 τοὺς
861 309 1132 378 ἡγεμόνας
1166 312 1372 364 ἔτεινεν
1409 311 1443 379 ἡ
1483 313 1781 380 φιλοτιμία,
1819 309 1910 363 καὶ

231 406 341 449 τῶν
380 396 669 465 ἡγεμόνων
701 399 801 466 τὴν
833 399 1067 466 ἅμιλλαν
1108 397 1370 468 ἐβράβευε
1402 401 1639 467 Καῖσαρ·
1679 399 1910 468 περιιὼν

231 485 335 553 γὰρ
383 485 547 548 αὐτὸς
595 483 819 553 ἑκάστης
864 486 1066 556 ἡμέρας
1111 487 1374 550 πολλάκις
1420 487 1703 541 ἐπεσκόπει
1749 483 1909 557 τοῦρ-

168 591 348 652 ³²²2031.
427 572 608 641 <504>
656 573 956 642 ἀρξάμενος
1003 573 1055 627 δ’
1091 575 1196 628 ἀπὸ
1236 583 1330 644 τῆς
1362 573 1667 645 Ἀσσυρίων
1706 593 1909 645 παρεμ-
1955 595 1977 629 5

230 664 416 730 βολῆς,
453 661 576 715 καθ’
626 662 696 730 ἣν
735 662 898 725 αὐτὸς
937 661 1439 732 ἐστρατοπεδεύετο,
1480 662 1568 717 ἐπὶ
1605 663 1706 731 τὴν
1740 683 1909 716 κατω-

229 749 368 817 τέρω
393 753 715 803 καινόπολιν
740 747 840 819 ἦγε
863 751 924 803 τὸ
950 760 1144 820 τεῖχος,
1176 753 1343 804 ἔνθεν
1377 753 1469 804 διὰ
1493 758 1593 804 τοῦ
1616 752 1910 821 Κεδρῶνος

229 837 317 891 ἐπὶ
367 839 427 891 τὸ
473 836 704 891 Ἐλαιῶν
759 840 902 908 ὅρος.
980 839 1162 908 <505>
1213 836 1308 892 εἶτ’
1356 840 1722 909 ἀνακάμπτων
1775 841 1910 893 κατὰ

228 930 573 996 μεσημβρίαν
620 928 1014 997 περιλαμβάνει
1061 931 1121 982 τὸ
1170 929 1300 998 ὄρος
1345 929 1470 998 ἄχρι
1515 936 1611 997 τῆς
1649 933 1911 998 Περιστε-

229 1025 405 1086 ρῶνος
441 1014 787 1085 καλουμένης
824 1015 1042 1086 πέτρας,
1088 1019 1185 1070 τόν
1225 1015 1279 1069 θ’
1322 1015 1444 1086 ἑξῆς
1482 1020 1658 1087 λόφον
1698 1015 1758 1080 ὃς
1797 1016 1910 1070 ἐπί-
1934 1038 1979 1070 10

226 1123 399 1156 κειται
437 1112 502 1174 τῆ
542 1106 676 1157 κατὰ
715 1105 818 1173 τὴν
857 1106 1091 1174 Σιλωὰμ
1130 1105 1697 1176 φάραγγι,,.κάκεῐθεν
1737 1105 1911 1158 ἐκκλί-

225 1212 325 1254 νας
370 1194 507 1262 πρὸς
554 1194 717 1246 δύσιν
765 1195 841 1256 εἰς
886 1194 988 1262 τὴν
1034 1202 1129 1262 τῆς
1174 1198 1367 1263 Πηγῆς
1415 1191 1600 1264 κατῄει
1638 1194 1910 1264 φάραγγα.

224 1281 404 1348 <506>
453 1279 579 1351 μεθ’
623 1281 694 1349 ἣν
741 1280 1062 1350 ἀναβαίνων
1109 1283 1245 1335 κατὰ
1291 1284 1352 1336 τὸ
1393 1280 1630 1336 Ἀνάνου
1676 1290 1775 1335 τοῦ
1815 1282 1910 1351 ἀρ-

222 1368 444 1439 χιερέως
468 1379 756 1439 μνημεῖον,
794 1369 885 1423 καὶ
911 1372 1193 1440 διαλαβὼν
1217 1372 1277 1424 τὸ
1305 1372 1433 1439 ὄρος
1457 1373 1597 1423 ἔνθα
1622 1373 1911 1439 Πομπήιος

224 1457 790 1527 ἐστρατοπεδεύσατο,
863 1459 1001 1529 πρὸς
1067 1464 1241 1529 κλῐμα
1299 1462 1523 1528 βόρειον
1594 1458 1909 1529 ἐπέστρεφε,
1933 1478 1976 1512 15

221 1546 402 1615 <507>
441 1545 532 1599 καὶ
578 1548 873 1616 προελθὼν
920 1546 1077 1617 μέχρι
1122 1549 1306 1617 κώμης
1351 1551 1503 1610 τινός
1542 1545 1909 1619 (Ἐρεβίνθων

222 1629 372 1698 οἶκος
410 1635 695 1707 καλεῖται),
733 1634 825 1689 καὶ
858 1634 971 1705 μετ’
1011 1635 1228 1706 ἐκείνην
1258 1639 1320 1690 τὸ
1346 1635 1602 1706 Ἡρώδου
1641 1644 1909 1705 μνημεῖον

218 1724 517 1792 περισχών,
554 1721 669 1777 κατ’
717 1725 992 1794 ἀνατολὴν
1030 1732 1105 1797 τῷ
1147 1727 1272 1799 ἰδίω
1314 1724 1663 1797 στρατοπέδῳ
1700 1731 1909 1792 συνῆπ-

218 1830 313 1863 τεν
345 1812 484 1866 ὅθεν
513 1812 731 1883 ἤρξατο.
790 1812 971 1883 <508>
995 1815 1056 1868 τὸ
1082 1811 1184 1882 μὲν
1210 1810 1313 1868 οὖν
1337 1823 1513 1884 τεῖχος
1537 1811 1660 1876 ἑνὸς
1685 1812 1909 1875 δέοντος

217 1901 615 1969 τετταράκοντα
648 1904 890 1956 σταδίων
920 1899 1010 1972 ἡν,
1049 1902 1260 1967 ἔξωθεν
1294 1901 1343 1956 δ’
1375 1903 1522 1975 αὐτῷ
1555 1903 1907 1975 προσῳκοδο-
1932 1921 1975 1954 20

217 1991 368 2058 μήθη
410 1992 760 2060 τρισκαίδεκα
793 1992 1059 2062 φρούρια·
1098 1990 1190 2045 καὶ
1221 1993 1434 2046 τούτων
1467 1992 1525 2045 οἱ
1551 1992 1745 2045 κύκλοι
1777 1989 1908 2044 δέκα

217 2083 671 2147 συνηριθμοῦντο
719 2080 974 2133 σταδίων.
1054 2079 1237 2150 <509>
1282 2078 1429 2149 τρισὶ
1476 2077 1526 2132 δ’
1572 2076 1906 2151 ᾠκοδομήθη

214 2167 275 2219 τὸ
315 2173 426 2219 πᾶν
466 2166 721 2236 ἡμέραις,
761 2168 834 2230 ὡς
873 2170 934 2222 τὸ
975 2165 1077 2238 μὲν
1115 2171 1281 2238 ἔργον
1320 2178 1513 2238 μηνῶν
1551 2164 1694 2221 εἶναι
1733 2168 1908 2235 ἄξιον,

208 2256 274 2307 τὸ
316 2252 377 2307 δὲ
417 2255 580 2325 τάχος
617 2255 889 2325 ἡττῆσθαι
928 2260 1172 2320 πίστεως.
1249 2255 1431 2325 <510>
1469 2259 1815 2326 περικλείσας
1846 2251 1908 2307 δὲ

211 2348 287 2414 τῷ
327 2346 491 2413 τείχει
531 2345 632 2413 τὴν
663 2347 847 2413 πόλιν,
886 2344 977 2398 καὶ
1011 2347 1251 2414 δύναμιν
1283 2355 1399 2408 τοῖς
1428 2347 1719 2415 φρουρίοις
1751 2343 1906 2412 ἐγκα-
1931 2364 1973 2398 25

210 2433 511 2501 ταστήσας,
556 2434 658 2501 τὴν
705 2430 807 2502 μὲν
852 2435 1075 2505 πρώτην
1123 2435 1380 2503 φυλακὴν
1425 2441 1522 2502 τῆς
1569 2434 1767 2496 νυκτὸς
1814 2449 1907 2484 πε-

211 2520 372 2590 ριιὼν
421 2520 586 2584 αὐτὸς
633 2520 1016 2591 ἐπεσκέπτετο,
1066 2523 1168 2592 τὴν
1217 2521 1483 2592 δευτέραν
1523 2519 1572 2574 δ’
1611 2520 1906 2590 ἐπέτρεψεν

203 2604 575 2683 Ἀλεξάνδρῳ,
626 2611 728 2678 τὴν
775 2613 964 2681 τρίτην
1014 2609 1061 2664 δ’
1111 2614 1318 2681 ἔλαχον,
1357 2611 1417 2664 οἱ
1457 2619 1569 2663 τῶν
1615 2609 1906 2678 ταγμάτων

208 2696 486 2765 ἡγεμόνες.
564 2697 764 2766 <511>
818 2700 1213 2770 διεκληροῦντο
1271 2697 1320 2752 δ’
1374 2699 1434 2752 oc
1482 2699 1724 2767 φύλακες
1777 2699 1906 2760 τοὺς

206 2785 445 2855 ὕπνους,
498 2784 589 2840 καὶ
638 2782 710 2840 δι’
755 2787 888 2856 ὅλης
935 2790 1133 2852 νυκτὸς
1182 2795 1454 2859 περιῆσαν
1499 2787 1634 2840 κατὰ
1680 2787 1747 2839 τὰ
1788 2788 1903 2839 δια-
1928 2807 1971 2840 30

206 2877 451 2944 στήματα
489 2883 603 2929 τῶν
640 2878 942 2948 φρουρίων.
