2032 3128
694 117 905 159 ΛΟΓΟΣ
936 117 1225 159 ΕΒΔΟΜΟΣ
1675 115 1701 165 l
1710 115 1741 166 8
1750 115 1777 165 1

102 255 231 314 τοὺς
277 249 376 319 μὲν
425 249 774 318 ἀπέσφαξαν,
827 259 943 313 τοῖς
997 249 1048 303 δ’
1095 252 1282 313 ἄλλοις
1329 249 1600 303 ἐνέκειντο
1648 250 1786 318 πρὸς

102 342 203 408 τὴν
242 339 543 393 ἀπόστασιν
581 343 1039 404 παρακαλοῦντες.
1102 338 1284 406 <412>
1325 337 1560 408 ὁρῶντες
1599 335 1648 390 δ’
1689 337 1785 390 αὐ-

103 438 212 480 τῶν
259 427 359 494 τὴν
406 426 675 480 ἀπόνοιαν
722 427 781 480 οἱ
821 426 1194 496 πρωτεύοντες
1230 433 1326 493 τῆς
1363 428 1654 494 γερουσίας
1693 425 1786 478 οὐ-

101 514 207 568 κέτ’
255 513 500 583 ἀσφαλὲς
546 516 733 577 αὑτοῖς
780 514 1032 584 ἐνόμιζον
1069 521 1358 582 περιορᾶν,
1405 513 1543 566 ἀλλὰ
1581 514 1788 576 πάντας

57 627 77 657 5
102 604 466 671 ἀθροίσαντες
505 605 581 665 εἰς
613 602 903 671 ἐκκλησίαν
935 604 1064 665 τοὺς
1086 597 1392 663 Ἰουδαίους
1421 602 1655 669 ἤλεγχον
1686 603 1787 670 τὴν

102 690 371 743 ἀπόνοιαν
411 701 520 741 τῶν
561 693 850 759 σικαρίων,
890 690 1113 743 πάντων
1145 691 1356 752 αἰτίους
1387 687 1789 757 ἀποφαίνοντες

103 778 347 840 ἐκείνους
383 786 495 830 τῶν
532 786 743 830 κακῶν·
818 778 1002 844 <413>
1039 776 1131 828 καὶ
1170 785 1277 829 νῦν
1317 779 1528 846 ἔφασαν
1568 777 1789 844 αὐτούς,

103 867 322 935 ἐπείπερ
362 862 494 918 οὐδὲ
525 867 860 933 πεφευγότες
896 872 993 933 τῆς
1025 867 1296 932 σωτηρίας
1329 864 1520 918 ἐλπίδα
1560 867 1789 934 βεβαίαν

103 959 290 1027 ε”χουσι
330 953 711 1026 (γνωσθέντας
749 955 853 1023 γὰρ
878 954 1003 1007 ’ὑπὸ
1042 952 1323 1023 Ῥωμαίων
1362 954 1535 1017 εὐθὺς
1572 953 1789 1007 ἀπολεῖ-

36 1069 78 1100 10
103 1045 291 1112 σθαι),
338 1050 432 1112 τῆς
470 1043 658 1106 αὐτοῖς
693 1043 1078 1113 προσηκούσης
1117 1050 1408 1112 συμφορᾶς
1446 1043 1790 1111 ἀναπιμπλά-

101 1155 194 1187 ναι
258 1135 388 1194 τοὺς
455 1133 691 1201 μηδενὸς
758 1141 869 1184 τῶν
938 1130 1338 1200 ἁμαρτημάτων
1408 1133 1789 1201 μετασχόντας.

102 1223 284 1291 <414>
331 1220 686 1291 φυλάξασθαι
731 1224 925 1273 τοίνυν
971 1221 1068 1273 τὸν
1117 1219 1170 1283 ἐξ
1218 1220 1402 1272 αὐτῶν
1448 1221 1689 1290 ὄλεθρον
1727 1220 1789 1272 τὸ

100 1316 316 1379 πλῆθος
361 1310 739 1380 παρεκάλουν,
788 1307 880 1361 καὶ
926 1306 1051 1379 περὶ
1099 1308 1282 1362 αὑτῶν
1326 1309 1463 1378 πρὸς
1494 1306 1791 1377 Ῥωμαίους

102 1399 556 1467 ἀπολογήσασθαι
609 1405 674 1467 τῇ
728 1398 940 1451 τούτων
994 1398 1312 1466 παραδόσει.
1388 1395 1585 1466 <415>
1636 1411 1791 1449 συνι-

35 1512 76 1543 15
103 1489 292 1549 δόντες
331 1483 433 1540 οὖν
472 1494 572 1540 τοῦ
611 1487 880 1539 κινδύνου
918 1486 980 1538 τὸ
1019 1485 1255 1554 μέγεθος
1299 1484 1637 1553 ἐπείσθησαν
1676 1494 1791 1547 τοῖς

101 1573 445 1644 λεγομένοις,
484 1573 575 1628 καὶ
607 1575 739 1644 μετὰ
777 1578 984 1642 πολλῆς
1016 1573 1188 1643 ὁρμῆς
1221 1572 1309 1626 ἐπὶ
1346 1575 1476 1635 τοὺς
1508 1577 1791 1644 σικαρίους

101 1663 326 1736 ᾄξαντες
373 1665 723 1733 συνήρπαζον
762 1663 979 1726 αὐτούς.
1054 1663 1236 1731 <416>
1276 1671 1388 1715 τῶν
1427 1659 1476 1714 δ’
1517 1660 1791 1725 ἑξακόσιοι

100 1750 202 1822 μὲν
255 1753 430 1815 εὐθὺς
484 1750 761 1820 ἑάλωσαν,
816 1752 939 1804 ὅσοι
994 1748 1043 1803 δ’
1098 1753 1176 1814 εἰς
1220 1752 1322 1819 τὴν
1364 1755 1654 1819 Αἴγυπτον
1699 1748 1792 1803 καὶ

100 1842 196 1904 τὰς
235 1840 348 1894 ἐκεῖ
379 1842 564 1910 Θήβας
603 1839 904 1910 διέφυγον,
944 1839 1046 1893 οὐκ
1077 1841 1155 1902 εἰς
1186 1840 1401 1909 μακρὰν
1442 1837 1791 1909 συλληφθέν-

14 1946 74 1983 ’20
99 1951 185 1994 τες
235 1930 644 2000 ἐπανήχθησαν.
729 1930 928 1998 <417>
979 1927 1067 1998 ἐφ’
1112 1924 1199 1982 ὧν·
1245 1928 1347 1982 οὐκ
1402 1931 1551 1982 ἐστιν
1606 1927 1669 1991 ὃς
1723 1928 1790 1981 οὐ

100 2021 202 2088 τὴν
240 2023 535 2090 καρτερίαν
574 2016 665 2072 καὶ
695 2019 796 2086 τὴν
836 2016 930 2070 εἴτ’
978 2017 1250 2071 ἀπόνοιαν
1289 2023 1396 2070 εἴτε
1434 2024 1531 2086 τῆς
1569 2017 1791 2086 γνώμης

102 2110 263 2177 ἰσχὺν
310 2109 413 2178 χρὴ
461 2106 644 2175 λέγειν
692 2107 759 2160 οὐ
806 2107 1135 2175 κατεπλάγη·
1214 2106 1411 2174 <418>
1458 2105 1635 2175 πάσης
1684 2107 1789 2175 γὰρ

103 2195 181 2250 ἐπ’
233 2197 436 2259 αὐτοὺς
485 2196 734 2266 βασάνου
779 2193 871 2248 καὶ
919 2196 1095 2264 λύμης
1139 2203 1250 2249 τῶν
1297 2195 1564 2265 σωμάτων
1608 2194 1791 2248 ἐπινο-

99 2288 332 2354 ηθείσης
386 2282 471 2353 ἐφ’
526 2285 587 2337 ἓν
634 2291 798 2338 τοῦτο
845 2286 1048 2353 μόνον,
1103 2283 1249 2346 ὅπως
1299 2283 1482 2337 αὑτῶν
1536 2286 1791 2351 Καίσαρα

33 2395 76 2427 25
102 2375 375 2441 δεσπότην
416 2373 862 2443 ὁμολογήσωσιν,
909 2370 1094 2435 οὐδεὶς
1132 2371 1431 2441 ἐνέδωκεν,
1470 2371 1589 2426 οὐδ’
1638 2372 1790 2442 ἐμέλ-

100 2466 267 2530 λησεν
306 2463 508 2529 εἰπεῖν,
549 2461 688 2514 ἀλλά
725 2461 924 2523 πάντες
955 2459 1261 2531 ὑπερτέραν
1292 2467 1387 2529 τῆς
1417 2459 1659 2530 ἀνάγκης
1688 2462 1790 2529 τὴν

100 2551 283 2604 αὑτῶν
338 2551 567 2619 γνώμην
622 2549 983 2618 διεφύλαξαν,
1039 2549 1220 2619 ὥσπερ
1275 2548 1635 2617 ἀναισθήτοις
1685 2551 1790 2603 σώ-

99 2653 258 2708 μασι,
297 2639 566 2709 χαιρούσῃ
608 2640 784 2707 μόνον
823 2635 948 2708 οὐχὶ
977 2645 1042 2707 τῇ
1074 2645 1221 2708 ψυχῇ
1261 2639 1356 2700 τὰς
1386 2637 1666 2706 βασάνους
1697 2637 1789 2691 καὶ

98 2729 160 2781 τὸ
199 2735 313 2797 πῦρ
355 2729 657 2798 δεχόμενοι.
734 2726 932 2795 <419>
972 2726 1205 2795 μάλιστα
1252 2725 1304 2780 δ’
1348 2726 1382 2795 ἡ
1422 2735 1533 2779 τῶν
1571 2729 1788 2781 παίδων

33 2839 77 2871 30
100 2816 284 2885 ἡλικία
329 2819 459 2880 τοὺς
502 2815 826 2886 θεωμένους
870 2813 1182 2884 ἐξέπληξεν·
1246 2812 1379 2868 οὐδὲ
1415 2816 1521 2886 γὰρ
1562 2815 1789 2869 ἐκείνων

99 2925 181 2968 τις
219 2904 508 2975 ἐξενικήθη
549 2908 803 2975 Καίσαρα
835 2905 1107 2973 δεσπότην
1139 2903 1480 2974 ἐξονομάσαι.
1519 2912 1789 2959 τοσοῦτον
