2032 3128
160 77 270 128 244
766 77 924 117 RATA
953 76 1230 119 ΑΠΙΩΝΟΣ

160 213 188 265 ὁ
244 212 503 279 βασιλεὺς
562 208 858 279 γέγραπται
910 210 1276 278 πρεσβύτερος
1331 218 1425 278 τῆς
1479 211 1837 279 Καρχηδόνος

158 302 383 361 κτίσεως
430 302 569 352 ε”τεσι
615 301 830 351 πλείοσι
876 299 1012 367 πρὸς
1056 307 1170 360 τοῖς
1214 302 1549 367 πεντήκοντα
1587 295 1678 350 καὶ
1718 296 1835 351 ἐκα-

158 390 273 454 τόν,
326 385 450 457 περὶ
498 383 565 439 οὗ
611 386 704 448 τὰς
750 389 958 447 πίστεις
1004 384 1257 454 ἀνωτέρω
1303 385 1577 456 παρέσχον
1624 385 1684 438 ἐκ
1728 395 1837 439 τῶν

161 478 442 528 Φοινίκων
497 474 857 543 ἀναγραφῶν,
918 474 1078 543 <19>
1132 475 1215 526 ὅτι
1266 478 1559 542 Σολομῶνι
1613 481 1686 545 τῷ
1741 476 1837 527 τὸν

157 566 294 617 ναὸν
342 561 831 635 οἰκοδομησαμένῳ
872 563 972 615 τὸν
1019 562 1079 615 ἐν
1120 560 1523 631 Ἱεροσολύμοις
1563 566 1724 632 φίλος
1768 558 1839 630 ἡν

157 653 444 722 Εἴρωμος,
491 650 582 704 καὶ
620 652 797 705 πολλὰ
836 651 1199 719 συνεβάλλετο
1246 653 1383 719 πρὸς
1422 651 1522 718 τὴν
1561 659 1660 704 τοῦ
1697 658 1837 704 ναοῦ

157 741 519 807 κατασκευήν·
559 738 721 801 αὐτὸς
761 735 822 792 δὲ
854 740 882 793 ὁ
913 739 1185 807 Σολομὼν
1225 736 1543 810 ᾠκοδόμησε
1573 741 1670 792 τὸν
1701 740 1838 792 ναὸν

159 830 290 898 μετὰ
327 830 389 881 τὸ
431 827 687 892 ἐξελθεῖν·
709 826 763 891 ἐξ,
797 829 1084 896 Αἰγύπτου
1123 830 1251 889 τοὺς
1285 826 1586 888 Ἰουδαίους
1627 828 1840 880 δώδεκα

158 915 248 970 καὶ
289 915 591 980 ἑξακοσίοις
640 917 817 969 ἔτεσιν
865 916 1111 986 ὕστερον.
1188 915 1333 984 <20>
1371 917 1467 969 τὸν
1514 911 1564 969 δ’
1597 915 1840 985 ἀριθμὸν

158 1014 268 1058 τῶν
317 1004 629 1057 ἐλαθέντων
676 1006 772 1057 τὸν
821 1005 991 1057 αὐτὸν
1037 1006 1338 1077 Λυσιμάχῳ
1390 1005 1680 1074 σχεδιάσας
1729 1003 1839 1075 (ἕν-

160 1094 290 1146 δεκα
349 1094 452 1161 γὰρ
508 1093 710 1155 αὐτοὺς
764 1089 911 1145 εἷναί
959 1107 1095 1162 φησι
1150 1091 1449 1163 μυριάδας)
1511 1096 1839 1161 θαυμαστήν

158 1202 283 1235 τινα
329 1180 419 1234 καὶ
457 1183 703 1249 πιθανὴν
751 1180 1092 1234 ἀποδίδωσιν
1131 1183 1330 1249 αἰτίαν,
1378 1179 1469 1251 ἀφ’
1505 1177 1568 1249 ἧς
1605 1196 1740 1250 φησι
1778 1183 1839 1235 τὸ

161 1270 438 1339 σάββατον
486 1270 830 1338 ὠνομάσθαι·
894 1269 1045 1338 <21>
1093 1268 1471 1332 “ὁδεύσαντες’
1521 1270 1624 1339 γάρ
1670 1284 1840 1339 φησιν

161 1358 242 1422 τἓξ,
280 1359 499 1427 ἡμερῶν
532 1358 680 1411 ὁδὸν
704 1361 994 1427 βουβῶνας
1032 1359 1212 1428 ἔσχον,
1251 1356 1340 1411 καὶ
1381 1359 1473 1411 διά
1504 1359 1710 1427 ταύτην
1740 1360 1841 1427 τὴν

160 1448 340 1499 αἰτίαν
393 1453 456 1515 τῇ
514 1444 722 1516 ἑβδόμῃ
775 1444 951 1517 ἡμέρᾳ
1003 1446 1382 1500 ἀνεπαύσαντο
1439 1445 1712 1510 σωθέντες
1764 1448 1841 1509 εἰς

161 1536 261 1603 τὴν
310 1535 494 1604 χώραν
540 1536 639 1603 τὴν
686 1543 792 1588 νῦν
837 1532 1114 1588 Ἰουδαίαν
1161 1534 1483 1604 λεγομένην,
1531 1533 1621 1588 καὶ
1660 1534 1842 1589 ἐκάλε-

161 1639 264 1676 σαν
313 1625 413 1692 τὴν
458 1622 668 1693 ἡμέραν
715 1623 1010 1693 σάββατον,
1064 1625 1325 1688 σώζοντες
1373 1625 1475 1693 τὴν
1522 1626 1843 1692 Αἰγυπτίων

159 1718 426 1780 γλῶτταν·
471 1714 531 1766 τὸ
572 1713 677 1781 γὰρ
708 1714 1002 1781 βουβῶνος
1040 1713 1206 1781 ἄλγος
1243 1717 1509 1766 καλοῦσιν
1548 1714 1843 1780 Αἰγύπτιοι

162 1800 544 1870 σαββάτωσιν.’
631 1801 784 1868 <22>
833 1801 933 1854 οὐκ
983 1800 1053 1854 ἂν
1100 1797 1202 1855 οὖν
1248 1822 1329 1864 τις
1378 1801 1411 1870 ἢ
1462 1802 1842 1869 καταγελάσειε

160 1897 255 1957 τῆς
299 1893 599 1959 φλυαρίας,
654 1889 685 1957 ἢ
725 1890 1053 1943 τούναντίον
1100 1893 1345 1958 μισήσειε
1383 1891 1484 1958 τὴν
1523 1889 1582 1942 ἐν
1621 1897 1694 1960 τῷ
1734 1910 1843 1943 τοι-

162 1986 299 2031 αῦτα
338 1978 574 2047 γράφειν
615 1978 926 2042 ἀναίδειαν;
975 1979 1147 2046 δῆλον
1186 1979 1289 2046 γὰρ
1330 1978 1412 2030 ὅτι
1451 1978 1649 2041 πάντες
1687 1978 1842 2047 ἐβου-

162 2069 444 2135 βωνίασαν
491 2066 686 2120 ἕνδεκα
732 2067 996 2137 μυριάδες
1041 2067 1371 2137 ἀνθρώπων.
1430 2067 1604 2135 ’<23>
1643 2063 1761 2119 ἀλλ’
1797 2068 1848 2119 εἰ

163 2152 264 2223 μὲν
301 2151 443 2223 ἦσαν
485 2154 685 2209 ἐκεῖνοι
723 2154 926 2225 τυφλοὶ
962 2154 1053 2209 καὶ
1093 2153 1260 2226 χωλοὶ
1299 2153 1388 2208 καὶ
1427 2155 1604 2209 πάντα
1640 2157 1844 2225 τρόπον

163 2251 482 2312 νοσοῦντες,
537 2244 762 2307 ὁποίους
808 2244 1010 2307 αὐτοὺς
1055 2241 1204 2297 εἷναί
1236 2258 1407 2314 φησιν
1454 2240 1671 2311 Ἀπίων,
1720 2241 1841 2296 οὐδ’

92 2372 95 2377 «
164 2331 234 2384 ἂν
287 2340 412 2400 μιᾶς
465 2331 667 2401 ἡμέρας
719 2337 1019 2402 προελθεῖν
1066 2333 1199 2387 ὁδὸν
1250 2334 1636 2402 ἠδυνήθησαν·
1693 2334 1744 2386 εἰ
1791 2329 1842 2384 δ’

165 2414 274 2474 οἶοι
298 2422 542 2489 βαδίζειν
568 2422 660 2473 διὰ
683 2426 888 2490 πολλῆς
915 2421 1137 2493 ἐρημίας
1159 2420 1249 2474 καὶ
1273 2420 1497 2491 προσέτι
1528 2429 1689 2474 νικᾶν
1721 2423 1847 2483 τοὺς

166 2509 351 2572 αὐτοῖς
383 2508 821 2577 ἀνθισταμένους
845 2513 1143 2580 μαχόμενοι
1167 2511 1383 2579 πάντες,
1415 2510 1515 2563 οὐκ
1546 2509 1615 2562 ἂν
1647 2508 1847 2579 ἀθρόοι

167 2598 298 2666 μετὰ
352 2599 453 2666 τὴν
508 2597 669 2666 ἕκτην
722 2597 949 2668 ἡμέραν’
986 2598 1416 2668 ἐβουβωνίασαν.
1509 2598 1667 2666 <24>
1722 2599 1847 2650 οὔτε

168 2687 270 2755 γὰρ
321 2688 484 2756 φύσει
531 2704 646 2750 πως
687 2689 932 2755 γίγνεται
970 2689 1030 2741 τὸ
1078 2695 1331 2741 τοιοῦτον
1370 2697 1483 2750 τοῖς
1527 2689 1848 2756 βαδίζουσιν

168 2774 221 2838 ἐξ,
269 2773 532 2843 ἀνάγκης,
587 2774 725 2828 ἀλλά
769 2774 967 2829 πολλαὶ
1017 2776 1279 2845 μυριάδες
1330 2774 1715 2843 στρατοπέδων
1762 2773 1849 2828 ἐπὶ

168 2864 372 2926 πολλὰς
425 2862 627 2934 ἡμέρας
679 2866 741 2918 τὸ
805 2865 1115 2934 σύμμετρον
1176 2862 1260 2917 ἀεὶ
1321 2865 1659 2934 βαδίζουσιν,
1722 2864 1848 2916 οὔτε

1867 1025 1908 1056 10

1866 1467 1908 1501 15

1869 1912 1911 1943 20

1871 2355 1912 2387 25

1873 2798 1916 2829 30
