2032 3128
242 86 348 139 100
653 88 777 130 ΤοΤ
807 86 1146 129 IOTAAIKOT
1176 86 1483 129 ΠΟΛΕΜΟΥ

235 218 354 273 κατ’
394 219 630 289 ἐμαυτὸν
672 216 820 289 εἶχον
860 219 1119 289 ἀπείρους
1156 219 1447 289 μάρτυρας.
1517 219 1694 282 ἄλλως
1730 238 1786 271 τε
1827 216 1916 271 καὶ

235 308 457 377 ψυχρὰν
488 306 558 360 ἂν
589 310 929 376 καταθείμην
966 314 1030 377 τῇ
1063 308 1287 373 πατρίδι
1317 308 1497 378 χάριν,
1535 305 1919 377 καθυφέμενος

235 398 334 449 τὸν
373 398 541 463 λόγον
581 391 650 448 οὗ
688 395 934 449 πέπονθε
972 390 1159 465 τᾶργα.

347 483 529 551 <201>
579 486 723 551 γυνή
771 504 853 546 τις
905 492 1016 536 τῶν
1065 480 1204 553 ὑπὲρ
1257 484 1356 536 τὸν
1402 480 1691 551 Ἰορδάνην
1740 501 1920 535 κατοι-

169 579 171 581 ’
235 571 507 639 κούντων,
546 573 742 640 Μαρία
787 571 1057 639 τοῦνομα,
1108 571 1312 639 πατρὸς
1342 567 1689 639 Ἐλεαζάρου,
1736 571 1922 638 κώμης
1966 591 1987 624 5

235 659 502 728 Βηθεζώβ
543 656 823 730 (σημαίνει
863 655 925 711 δὲ
963 666 1126 712 τοῦτο
1167 654 1317 721 οἶκος
1350 655 1664 729 ὑσσώπου),
1705 659 1796 710 διὰ
1833 660 1922 725 γε’-

235 767 334 810 νος
371 745 462 800 καὶ
501 751 743 800 πλοῦτον
790 746 1075 816 ἐπίσημος,
1127 747 1259 815 μετὰ
1298 753 1396 799 τοῦ
1436 751 1633 800 λοιποῦ
1671 748 1924 815 πλήθους

237 837 316 899 εἰς
389 836 455 888 τὰ
523 833 879 906 Ἱεροσόλυμα
954 842 1350 904 καταφυγοῦσα
1427 838 1922 902 συνεπολιορκεῖτο.

237 923 421 992 <202>
460 924 657 991 ταύτης
695 924 797 992 τὴν
828 921 929 992 μὲν
961 924 1136 992 ἄλλην
1165 930 1358 991 κτῆσιν
1391 923 1450 975 οἱ
1474 924 1739 993 τύραννοι
1772 923 1924 991 διήρ-

237 1025 443 1079 πασαν,
500 1011 638 1080 ὅσην
692 1011 751 1064 ἐκ
796 1019 892 1079 τῆς
937 1013 1182 1082 Περαίας
1232 1009 1718 1080 ἀνασκευασαμένη
1768 1013 1925 1080 μετή-
1950 1033 1992 1065 10

238 1119 434 1167 νεγκεν
474 1101 553 1162 εἰς
590 1101 692 1168 τὴν
729 1102 919 1168 πόλιν,
966 1100 1031 1152 τὰ
1079 1097 1142 1152 δὲ
1188 1103 1423 1164 λείψανα
1461 1108 1572 1152 τῶν
1611 1101 1927 1168 κειμηλίων,

238 1187 343 1240 κᾶν
374 1193 431 1240 εἴ
453 1207 505 1240 τι
537 1195 745 1258 τροφῆς
778 1187 1118 1257 ἐπινοηθείη,
1157 1184 1285 1241 καθ’
1321 1186 1530 1258 ἡμέραν
1562 1189 1930 1256 εἰσπηδῶντες

238 1276 481 1345 ἥρπαζον
529 1278 588 1329 οἱ
630 1278 954 1346 δορυφόροι.
1031 1276 1212 1344 <203>
1261 1277 1415 1345 δεινὴ
1465 1277 1532 1345 δὴ
1583 1276 1671 1329 τὸ·
1696 1277 1930 1344 γύναιον

242 1364 608 1433 ἀγανάκτησις
649 1363 848 1434 εἰσῄει,
898 1363 989 1417 καὶ
1034 1365 1297 1428 πολλάκις
1335 1366 1670 1431 λοιδοροῦσα
1707 1362 1799 1417 καὶ
1837 1384 1931 1417 κα-

239 1451 526 1522 ταρωμένη
566 1455 697 1516 τοὺς
736 1454 984 1521 ἅρπαγας
1023 1451 1110 1522 ἐφ’
1149 1452 1351 1521 ἑαυτὴν
1398 1451 1669 1523 ἠρέθιζεν.
1747 1453 1931 1522 <204>
1957 1473 1998 1507 15

240 1540 315 1603 ὡς
355 1538 403 1593 δ’
445 1542 571 1594 οὔτε
612 1541 1059 1611 παροξυνόμενός
1096 1561 1179 1604 τις
1227 1539 1342 1595 οὔτ’
1381 1540 1549 1594 ἐλεῶν
1589 1540 1762 1610 αὐτὴν
1801 1539 1933 1611 ἀνῄ-

243 1647 351 1697 ρει,
398 1627 490 1681 καὶ
526 1631 590 1683 τὸ
631 1627 733 1699 μὲν
773 1630 957 1699 εὑρεῖν
996 1650 1049 1683 τι
1096 1633 1273 1683 σιτίον
1313 1631 1501 1692 ἄλλοις
1539 1628 1758 1698 ἐκοπία,
1796 1647 1932 1682 παν-
2031 1686 2032 1696 ¹

240 1719 480 1785 ταχόθεν
520 1715 570 1770 δ’
616 1719 828 1789 ἄπορον
865 1714 936 1786 ’ἦν
975 1719 1081 1787 ἤδη
1121 1717 1214 1771 καὶ
1253 1720 1314 1772 τὸ
1354 1718 1565 1788 εὑρεῖν,
1603 1717 1633 1771 ὁ
1674 1718 1832 1786 λιμὸς
1871 1714 1933 1770 δὲ
2031 1706 2032 1732 ³

243 1806 337 1858 διὰ
370 1806 701 1876 σπλάγχνων
732 1805 823 1860 καὶ
855 1811 1075 1876 μυελῶν
1108 1806 1316 1877 ἐχώρει,
1349 1804 1440 1859 καὶ
1470 1813 1570 1860 τοῦ
1601 1809 1767 1874 λιμοῦ
1800 1810 1934 1875 μᾶλ-

244 1898 344 1947 λον
384 1893 628 1958 ἐξέκαιον
668 1895 727 1948 oc
761 1898 953 1964 θυμοί,
994 1896 1315 1965 σύμβουλον
1348 1897 1595 1964 λαβοῦσα
1626 1895 1727 1962 τὴν
1760 1894 1934 1964 ὀργὴν
1959 1917 2001 1948 20

244 1984 378 2051 μετὰ
416 1989 511 2050 τῆς
557 1982 800 2053 ἀνάγκης
847 1982 935 2037 ἐπὶ
981 1985 1083 2053 τὴν
1129 1984 1303 2053 φύσιν
1352 1983 1568 2052 ἐχώρει,
1621 1981 1805 2052 <205>
1843 1980 1935 2035 καὶ

241 2073 304 2124 τὸ
336 2068 532 2124 τέκνον
567 2067 660 2140 (ἦν
692 2070 739 2125 δ’
783 2073 920 2142 αὐτῇ
952 2081 1080 2136 παῖς
1110 2069 1474 2142 ὑπομάστιος)
1507 2069 1934 2141 ἀναρπασαμένη

245 2157 506 2228 (βρέφος’
547 2157 701 2213 εἶπεν
743 2161 990 2230 (ἄθλιον,
1030 2161 1091 2214 ἐν
1131 2159 1352 2234 πολέμῳ
1388 2159 1479 2213 καὶ
1511 2164 1652 2230 λιμῷ
1686 2157 1776 2212 καὶ
1810 2159 1936 2212 στά-

244 2261 329 2300 σει
382 2250 492 2300 τίνι
547 2262 609 2301 σε
661 2251 910 2319 τηρήσω;
972 2251 1155 2319 (206)
1193 2250 1258 2302 τὰ
1308 2245 1410 2318 μὲν
1460 2248 1606 2317 παρὰ
1649 2245 1938 2316 Ῥωμαίοις

245 2337 496 2404 δουλειά,
541 2335 647 2389 κᾶν
696 2339 941 2407 ζήσωμεν
982 2333 1063 2390 ἐπ’
1108 2338 1317 2400 αὐτοῖς·
1357 2337 1567 2406 φθάνει
1608 2333 1669 2389 δὲ
1707 2333 1798 2388 καὶ
1836 2336 1938 2403 τὴν
1962 2358 2005 2391 25

246 2426 510 2478 δουλείαν
566 2425 595 2478 ὁ
650 2428 835 2494 λιμός,
890 2427 948 2479 οἷ
999 2423 1319 2479 στασιασταὶ
1370 2423 1420 2478 δ’
1470 2425 1794 2495 ἀμφοτέρων
1845 2444 1939 2493 χα-

246 2514 560 2582 λεπώτεροι.
615 2513 799 2582 <207>
840 2519 925 2567 ἴθι
964 2522 1132 2582 γενοῦ
1171 2534 1266 2583 μοι
1303 2514 1507 2584 τροφή,
1545 2511 1637 2566 καὶ
1667 2521 1782 2574 τοῖς
1814 2525 1939 2564 στα-

247 2611 496 2664 σιασταῖς
548 2600 734 2670 ἐρινὺς
779 2600 871 2654 καὶ
910 2609 984 2673 τῷ
1030 2605 1134 2674 βίῳ
1175 2607 1356 2671 μῦθος
1394 2601 1423 2654 ὁ
1465 2603 1634 2670 μόνος
1673 2600 1939 2654 ἐλλείπων

242 2698 364 2752 ταῖς
393 2686 685 2743 Ἰουδαίων
726 2690 1084 2759 συμφοραῖς.’
1152 2691 1335 2759 <208>
1373 2688 1463 2743 καὶ
1502 2684 1666 2742 ταῦθ’
1712 2690 1823 2757 ἅμα
1855 2687 1941 2741 λέ-

245 2791 424 2845 γουσα
461 2780 663 2831 κτείνει
695 2779 793 2831 τὸν
824 2779 978 2847 υἱόν,
1018 2773 1182 2831 ἔπειτ’
1223 2778 1504 2847 ὀπτήσασα
1545 2779 1605 2830 τὸ
1638 2774 1739 2846 μἐν
1770 2777 1940 2846 ἥμισυ
1964 2801 2009 2833 ao

229 2868 559 2935 κατεσθίει,
623 2868 684 2920 τὸ
749 2863 810 2919 δὲ
871 2867 1068 2920 λοιπὸν
1129 2866 1560 2931 κατακαλύψασα
1623 2864 1941 2935 ἐφύλαττεν.
