<?xml version="1.0" encoding="UTF-8"?>
<!DOCTYPE html PUBLIC "-//W3C//DTD XHTML 1.0 Transitional//EN"
    "http://www.w3.org/TR/xhtml1/DTD/xhtml1-transitional.dtd">
<html xmlns="http://www.w3.org/1999/xhtml" xml:lang="en" lang="en">
 <head>
  <title>
</title>
<meta http-equiv="Content-Type" content="text/html;charset=utf-8" />
  <meta name='ocr-system' content='tesseract 3.04.00' />
  <meta name='ocr-capabilities' content='ocr_page ocr_carea ocr_par ocr_line ocrx_word'/>
</head>
<body>
  <div class='ocr_page' id='page_1' title='image "./flaviiiosephiope06joseuoft_0362.png"; bbox 0 0 2032 3128; ppageno 0'>
   <div class='ocr_carea' id='block_1_1' title="bbox 212 106 1338 158">
    <p class='ocr_par' dir='ltr' id='par_1_1' title="bbox 212 106 1338 158">
     <span class='ocr_line' id='line_1_1' title="bbox 212 106 1338 158; baseline 0.001 -10"><span class='ocrx_word' id='word_1_1' title='bbox 212 106 321 158; x_wconf 86' lang='lat'><strong><em>306</em></strong></span> <span class='ocrx_word' id='word_1_2' title='bbox 356 113 358 115; x_wconf 74' lang='grc'><strong><em>’</em></strong></span> <span class='ocrx_word' id='word_1_3' title='bbox 770 108 872 149; x_wconf 87' lang='grc' dir='ltr'><strong><em>ΕΙΣ</em></strong></span> <span class='ocrx_word' id='word_1_4' title='bbox 902 108 1338 151; x_wconf 82' lang='grc' dir='ltr'><strong>ΜΑΚΚΑΒΑῙΟΤΣ</strong></span> 
     </span>
    </p>
   </div>
   <div class='ocr_carea' id='block_1_2' title="bbox 214 240 1897 401">
    <p class='ocr_par' dir='ltr' id='par_1_2' title="bbox 214 240 1897 401">
     <span class='ocr_line' id='line_1_2' title="bbox 215 240 1897 310; baseline -0.001 -16"><span class='ocrx_word' id='word_1_5' title='bbox 215 243 295 303; x_wconf 89' lang='grc' dir='ltr'><strong><em>τίς</em></strong></span> <span class='ocrx_word' id='word_1_6' title='bbox 333 242 469 310; x_wconf 91' lang='grc' dir='ltr'><strong><em>πρὸς</em></strong></span> <span class='ocrx_word' id='word_1_7' title='bbox 508 240 641 293; x_wconf 82' lang='grc' dir='ltr'><strong><em>ὅλον</em></strong></span> <span class='ocrx_word' id='word_1_8' title='bbox 673 242 771 293; x_wconf 89' lang='grc' dir='ltr'><strong><em>τὸν</em></strong></span> <span class='ocrx_word' id='word_1_9' title='bbox 802 248 895 308; x_wconf 85' lang='grc' dir='ltr'><strong><em>τῆς</em></strong></span> <span class='ocrx_word' id='word_1_10' title='bbox 934 243 1266 310; x_wconf 80' lang='grc' dir='ltr'><strong><em>φιλοσοφίας</em></strong></span> <span class='ocrx_word' id='word_1_11' title='bbox 1303 243 1511 294; x_wconf 80' lang='grc' dir='ltr'><strong><em>κανόνα</em></strong></span> <span class='ocrx_word' id='word_1_12' title='bbox 1551 245 1897 310; x_wconf 89' lang='grc' dir='ltr'><strong><em>φιλοσοφῶν,</em></strong></span> 
     </span>
     <span class='ocr_line' id='line_1_3' title="bbox 214 326 1895 401; baseline -0.001 -20"><span class='ocrx_word' id='word_1_13' title='bbox 214 326 304 381; x_wconf 88' lang='grc' dir='ltr'><strong><em>καὶ</em></strong></span> <span class='ocrx_word' id='word_1_14' title='bbox 343 329 712 391; x_wconf 84' lang='grc' dir='ltr'><strong><em>πεπιστευκὼς</em></strong></span> <span class='ocrx_word' id='word_1_15' title='bbox 749 336 824 400; x_wconf 77' lang='grc' dir='ltr'><strong><em>τςό</em></strong></span> <span class='ocrx_word' id='word_1_16' title='bbox 864 334 1001 401; x_wconf 78' lang='grc' dir='ltr'><strong><em>θεῷ,</em></strong></span> <span class='ocrx_word' id='word_1_17' title='bbox 1039 327 1126 382; x_wconf 81' lang='grc' dir='ltr'><strong><em>καὶ</em></strong></span> <span class='ocrx_word' id='word_1_18' title='bbox 1169 330 1330 391; x_wconf 83' lang='grc' dir='ltr'><strong><em>εἰδὼς</em></strong></span> <span class='ocrx_word' id='word_1_19' title='bbox 1368 329 1451 382; x_wconf 80' lang='grc' dir='ltr'><strong><em>ὅτι</em></strong></span> <span class='ocrx_word' id='word_1_20' title='bbox 1490 330 1550 382; x_wconf 91' lang='grc' dir='ltr'><strong><em>τὸ</em></strong></span> <span class='ocrx_word' id='word_1_21' title='bbox 1591 326 1665 381; x_wconf 86' lang='grc' dir='ltr'><strong><em>δι’</em></strong></span> <span class='ocrx_word' id='word_1_22' title='bbox 1695 328 1895 396; x_wconf 86' lang='grc' dir='ltr'><strong><em>ἀρετὴν</em></strong></span> 
     </span>
    </p>
   </div>
   <div class='ocr_carea' id='block_1_3' title="bbox 123 416 1895 486">
    <p class='ocr_par' dir='ltr' id='par_1_3' title="bbox 123 416 1895 486">
     <span class='ocr_line' id='line_1_4' title="bbox 123 416 1895 486; baseline 0 -17"><span class='ocrx_word' id='word_1_23' title='bbox 123 446 125 448; x_wconf 95' lang='grc'>-</span> <span class='ocrx_word' id='word_1_24' title='bbox 213 417 392 469; x_wconf 90' lang='grc' dir='ltr'><strong><em>πάντα</em></strong></span> <span class='ocrx_word' id='word_1_25' title='bbox 434 418 608 470; x_wconf 91' lang='grc' dir='ltr'><strong><em>πόνον</em></strong></span> <span class='ocrx_word' id='word_1_26' title='bbox 646 416 945 485; x_wconf 87' lang='grc' dir='ltr'><strong><em>ὑπομένειν</em></strong></span> <span class='ocrx_word' id='word_1_27' title='bbox 984 417 1254 486; x_wconf 86' lang='grc' dir='ltr'><strong><em>μακάριόν</em></strong></span> <span class='ocrx_word' id='word_1_28' title='bbox 1296 417 1461 485; x_wconf 86' lang='grc' dir='ltr'><strong><em>ἐστιν,</em></strong></span> <span class='ocrx_word' id='word_1_29' title='bbox 1501 417 1601 470; x_wconf 87' lang='grc' dir='ltr'><strong><em>οὐκ</em></strong></span> <span class='ocrx_word' id='word_1_30' title='bbox 1639 416 1708 469; x_wconf 75' lang='grc' dir='ltr'><strong><em>ἂν</em></strong></span> <span class='ocrx_word' id='word_1_31' title='bbox 1747 435 1895 486; x_wconf 88' lang='grc' dir='ltr'><strong><em>περι-</em></strong></span> 
     </span>
    </p>
   </div>
   <div class='ocr_carea' id='block_1_4' title="bbox 214 504 1915 2960">
    <p class='ocr_par' dir='ltr' id='par_1_4' title="bbox 214 504 1915 2960">
     <span class='ocr_line' id='line_1_5' title="bbox 214 504 1896 574; baseline 0.001 -17"><span class='ocrx_word' id='word_1_32' title='bbox 214 507 498 573; x_wconf 85' lang='grc' dir='ltr'><strong><em>κρατήσειε</em></strong></span> <span class='ocrx_word' id='word_1_33' title='bbox 537 513 648 557; x_wconf 92' lang='grc' dir='ltr'><strong><em>τῶν</em></strong></span> <span class='ocrx_word' id='word_1_34' title='bbox 686 510 886 557; x_wconf 91' lang='grc' dir='ltr'><strong><em>παθῶν</em></strong></span> <span class='ocrx_word' id='word_1_35' title='bbox 920 506 1012 558; x_wconf 83' lang='grc' dir='ltr'><strong><em>διὰ</em></strong></span> <span class='ocrx_word' id='word_1_36' title='bbox 1050 507 1151 573; x_wconf 89' lang='grc' dir='ltr'><strong><em>τὴν</em></strong></span> <span class='ocrx_word' id='word_1_37' title='bbox 1188 504 1536 574; x_wconf 88' lang='grc' dir='ltr'><strong><em>θεοσέβειαν;</em></strong></span> <span class='ocrx_word' id='word_1_38' title='bbox 1586 507 1754 574; x_wconf 81' lang='grc' dir='ltr'><strong><em>μόνος</em></strong></span> <span class='ocrx_word' id='word_1_39' title='bbox 1793 506 1896 573; x_wconf 82' lang='grc' dir='ltr'><strong><em>γὰρ</em></strong></span> 
     </span>
     <span class='ocr_line' id='line_1_6' title="bbox 216 589 1790 662; baseline 0 -16"><span class='ocrx_word' id='word_1_40' title='bbox 216 593 244 646; x_wconf 87' lang='grc' dir='ltr'>ὁ</span> <span class='ocrx_word' id='word_1_41' title='bbox 286 594 456 661; x_wconf 90' lang='grc' dir='ltr'><strong><em>σοφὸς</em></strong></span> <span class='ocrx_word' id='word_1_42' title='bbox 494 589 584 645; x_wconf 84' lang='grc' dir='ltr'><strong><em>καὶ</em></strong></span> <span class='ocrx_word' id='word_1_43' title='bbox 623 591 876 662; x_wconf 78' lang='grc' dir='ltr'><strong><em>ἀνδρεῖός</em></strong></span> <span class='ocrx_word' id='word_1_44' title='bbox 916 591 1030 646; x_wconf 90' lang='grc' dir='ltr'><strong><em>ἐστι</em></strong></span> <span class='ocrx_word' id='word_1_45' title='bbox 1068 591 1159 646; x_wconf 85' lang='grc' dir='ltr'><strong><em>καὶ</em></strong></span> <span class='ocrx_word' id='word_1_46' title='bbox 1199 601 1310 646; x_wconf 92' lang='grc' dir='ltr'><strong><em>τῶν</em></strong></span> <span class='ocrx_word' id='word_1_47' title='bbox 1347 598 1548 646; x_wconf 90' lang='grc' dir='ltr'><strong><em>παθῶν</em></strong></span> <span class='ocrx_word' id='word_1_48' title='bbox 1585 595 1790 661; x_wconf 85' lang='grc' dir='ltr'><strong><em>κύριος.</em></strong></span> 
     </span>
     <span class='ocr_line' id='line_1_7' title="bbox 325 679 1900 752; baseline 0.001 -20"><span class='ocrx_word' id='word_1_49' title='bbox 325 680 469 749; x_wconf 84' lang='grc'>&lt;93&gt;</span> <span class='ocrx_word' id='word_1_50' title='bbox 523 681 615 733; x_wconf 81' lang='grc' dir='ltr'><strong><em>διὰ</em></strong></span> <span class='ocrx_word' id='word_1_51' title='bbox 669 688 831 733; x_wconf 90' lang='grc' dir='ltr'><strong><em>τοῦτο</em></strong></span> <span class='ocrx_word' id='word_1_52' title='bbox 887 679 952 748; x_wconf 86' lang='grc' dir='ltr'><strong><em>γε’</em></strong></span> <span class='ocrx_word' id='word_1_53' title='bbox 1002 700 1086 734; x_wconf 92' lang='grc' dir='ltr'><strong><em>τοι</em></strong></span> <span class='ocrx_word' id='word_1_54' title='bbox 1139 679 1229 734; x_wconf 86' lang='grc' dir='ltr'><strong><em>καὶ</em></strong></span> <span class='ocrx_word' id='word_1_55' title='bbox 1283 684 1621 750; x_wconf 79' lang='grc' dir='ltr'><strong><em>μειρακίσκοι</em></strong></span> <span class='ocrx_word' id='word_1_56' title='bbox 1675 690 1749 752; x_wconf 75' lang='grc' dir='ltr'><strong><em>τῷ</em></strong></span> <span class='ocrx_word' id='word_1_57' title='bbox 1805 689 1900 750; x_wconf 78' lang='grc' dir='ltr'><strong><em>τῆς</em></strong></span> 
     </span>
     <span class='ocr_line' id='line_1_8' title="bbox 217 768 1899 841; baseline -0.001 -19"><span class='ocrx_word' id='word_1_58' title='bbox 217 769 494 838; x_wconf 80' lang='grc' dir='ltr'><strong><em>εὐσεβείας</em></strong></span> <span class='ocrx_word' id='word_1_59' title='bbox 532 771 776 841; x_wconf 76' lang='grc' dir='ltr'><strong><em>λογισμῷ</em></strong></span> <span class='ocrx_word' id='word_1_60' title='bbox 817 774 1258 839; x_wconf 89' lang='grc' dir='ltr'><strong><em>φιλοσοφοῦντες</em></strong></span> <span class='ocrx_word' id='word_1_61' title='bbox 1299 768 1692 839; x_wconf 78' lang='grc' dir='ltr'><strong><em>χαλεπωτέρων</em></strong></span> <span class='ocrx_word' id='word_1_62' title='bbox 1731 772 1899 838; x_wconf 90' lang='grc' dir='ltr'><strong><em>βασα-</em></strong></span> 
     </span>
     <span class='ocr_line' id='line_1_9' title="bbox 215 856 1901 927; baseline 0 -17"><span class='ocrx_word' id='word_1_63' title='bbox 215 861 512 926; x_wconf 91' lang='grc' dir='ltr'><strong><em>νιστηρίων</em></strong></span> <span class='ocrx_word' id='word_1_64' title='bbox 548 856 935 926; x_wconf 87' lang='grc' dir='ltr'><strong><em>ἐπεκράτησαν,</em></strong></span> <span class='ocrx_word' id='word_1_65' title='bbox 998 857 1186 927; x_wconf 86' lang='grc' dir='ltr'><strong><em>ἐπειδὴ</em></strong></span> <span class='ocrx_word' id='word_1_66' title='bbox 1227 858 1331 926; x_wconf 87' lang='grc' dir='ltr'><strong><em>γὰρ</em></strong></span> <span class='ocrx_word' id='word_1_67' title='bbox 1370 859 1504 910; x_wconf 80' lang='grc' dir='ltr'><strong><em>κατὰ</em></strong></span> <span class='ocrx_word' id='word_1_68' title='bbox 1543 859 1644 926; x_wconf 83' lang='grc' dir='ltr'><strong><em>τὴν</em></strong></span> <span class='ocrx_word' id='word_1_69' title='bbox 1679 859 1901 926; x_wconf 82' lang='grc' dir='ltr'><strong><em>πρώτην</em></strong></span> 
     </span>
     <span class='ocr_line' id='line_1_10' title="bbox 215 944 1903 1015; baseline 0 -17"><span class='ocrx_word' id='word_1_70' title='bbox 215 955 411 1014; x_wconf 82' lang='grc' dir='ltr'><strong><em>πεῖραν</em></strong></span> <span class='ocrx_word' id='word_1_71' title='bbox 452 945 683 1014; x_wconf 83' lang='grc' dir='ltr'><strong><em>ἐνικήθη</em></strong></span> <span class='ocrx_word' id='word_1_72' title='bbox 730 956 1045 1015; x_wconf 77' lang='grc' dir='ltr'><strong><em>περιφανῶς</em></strong></span> <span class='ocrx_word' id='word_1_73' title='bbox 1093 947 1121 1000; x_wconf 93' lang='grc' dir='ltr'>ὁ</span> <span class='ocrx_word' id='word_1_74' title='bbox 1169 948 1464 1015; x_wconf 89' lang='grc' dir='ltr'><strong><em>τύραννος,</em></strong></span> <span class='ocrx_word' id='word_1_75' title='bbox 1515 947 1588 1015; x_wconf 87' lang='grc' dir='ltr'><strong><em>μὴ</em></strong></span> <span class='ocrx_word' id='word_1_76' title='bbox 1637 944 1903 1014; x_wconf 89' lang='grc' dir='ltr'><strong><em>δυνηθεὶς</em></strong></span> 
     </span>
     <span class='ocr_line' id='line_1_11' title="bbox 216 1033 1899 1103; baseline 0 -17"><span class='ocrx_word' id='word_1_77' title='bbox 216 1033 520 1101; x_wconf 88' lang='grc' dir='ltr'><strong><em>ἀναγκάσαι</em></strong></span> <span class='ocrx_word' id='word_1_78' title='bbox 566 1033 799 1102; x_wconf 87' lang='grc' dir='ltr'><strong><em>γέροντα</em></strong></span> <span class='ocrx_word' id='word_1_79' title='bbox 847 1042 1284 1103; x_wconf 82' lang='grc' dir='ltr'><strong><em>μιαροφαγῆσαι,</em></strong></span> <span class='ocrx_word' id='word_1_80' title='bbox 1329 1037 1451 1088; x_wconf 90' lang='grc' dir='ltr'><strong><em>τότε</em></strong></span> <span class='ocrx_word' id='word_1_81' title='bbox 1493 1035 1712 1103; x_wconf 91' lang='grc' dir='ltr'><strong><em>σφόδρα</em></strong></span> <span class='ocrx_word' id='word_1_82' title='bbox 1750 1052 1899 1101; x_wconf 86' lang='grc' dir='ltr'><strong><em>περι-</em></strong></span> 
     </span>
     <span class='ocr_line' id='line_1_12' title="bbox 215 1120 1904 1191; baseline 0 -17"><span class='ocrx_word' id='word_1_83' title='bbox 215 1127 409 1184; x_wconf 89' lang='grc' dir='ltr'><strong><em>παθῶς</em></strong></span> <span class='ocrx_word' id='word_1_84' title='bbox 449 1120 732 1175; x_wconf 84' lang='grc' dir='ltr'><strong><em>ἐκέλευσεν</em></strong></span> <span class='ocrx_word' id='word_1_85' title='bbox 771 1124 974 1185; x_wconf 76' lang='grc' dir='ltr'><strong><em>ἄλλους</em></strong></span> <span class='ocrx_word' id='word_1_86' title='bbox 1012 1122 1072 1176; x_wconf 88' lang='grc' dir='ltr'><strong><em>ἐκ</em></strong></span> <span class='ocrx_word' id='word_1_87' title='bbox 1111 1130 1203 1191; x_wconf 77' lang='grc' dir='ltr'><strong><em>τῆς</em></strong></span> <span class='ocrx_word' id='word_1_88' title='bbox 1244 1132 1355 1175; x_wconf 89' lang='grc' dir='ltr'><strong><em>τῶν</em></strong></span> <span class='ocrx_word' id='word_1_89' title='bbox 1393 1121 1669 1191; x_wconf 65' lang='grc' dir='ltr'><strong><em>“Εβραίων</em></strong></span> <span class='ocrx_word' id='word_1_90' title='bbox 1708 1121 1904 1190; x_wconf 79' lang='grc' dir='ltr'><strong><em>ἀγέλης</em></strong></span> 
     </span>
     <span class='ocr_line' id='line_1_13' title="bbox 217 1208 1904 1282; baseline 0.001 -20"><span class='ocrx_word' id='word_1_91' title='bbox 217 1209 462 1279; x_wconf 80' lang='grc' dir='ltr'><strong><em>ἀγαγεῖν,</em></strong></span> <span class='ocrx_word' id='word_1_92' title='bbox 502 1209 590 1263; x_wconf 88' lang='grc' dir='ltr'><strong><em>καὶ</em></strong></span> <span class='ocrx_word' id='word_1_93' title='bbox 630 1212 682 1263; x_wconf 85' lang='grc' dir='ltr'><strong><em>εἰ</em></strong></span> <span class='ocrx_word' id='word_1_94' title='bbox 718 1208 819 1280; x_wconf 73' lang='grc' dir='ltr'><strong><em>μὲν</em></strong></span> <span class='ocrx_word' id='word_1_95' title='bbox 859 1214 1356 1282; x_wconf 86' lang='grc' dir='ltr'><strong><em>μιαροφαγήσαιεν,</em></strong></span> <span class='ocrx_word' id='word_1_96' title='bbox 1395 1209 1661 1264; x_wconf 81' lang='grc' dir='ltr'><strong><em>ἀπολύειν</em></strong></span> <span class='ocrx_word' id='word_1_97' title='bbox 1696 1213 1904 1280; x_wconf 88' lang='grc' dir='ltr'><strong><em>φαγόν-</em></strong></span> 
     </span>
     <span class='ocr_line' id='line_1_14' title="bbox 218 1296 1906 1368; baseline -0.001 -17"><span class='ocrx_word' id='word_1_98' title='bbox 218 1319 338 1367; x_wconf 87' lang='grc' dir='ltr'><strong><em>τας,</em></strong></span> <span class='ocrx_word' id='word_1_99' title='bbox 383 1301 434 1351; x_wconf 83' lang='grc' dir='ltr'><strong><em>εί</em></strong></span> <span class='ocrx_word' id='word_1_100' title='bbox 478 1296 539 1351; x_wconf 79' lang='grc' dir='ltr'><strong><em>δὲ</em></strong></span> <span class='ocrx_word' id='word_1_101' title='bbox 587 1298 947 1368; x_wconf 80' lang='grc' dir='ltr'><strong><em>ἀντιλέγοιεν,</em></strong></span> <span class='ocrx_word' id='word_1_102' title='bbox 992 1302 1319 1368; x_wconf 91' lang='grc' dir='ltr'><strong><em>πικρότερον</em></strong></span> <span class='ocrx_word' id='word_1_103' title='bbox 1359 1302 1686 1368; x_wconf 83' lang='grc' dir='ltr'><strong><em>βασανίζειν.</em></strong></span> <span class='ocrx_word' id='word_1_104' title='bbox 1762 1298 1906 1367; x_wconf 87' lang='grc'>&lt;94&gt;</span> 
     </span>
     <span class='ocr_line' id='line_1_15' title="bbox 219 1387 1905 1458; baseline 0 -18"><span class='ocrx_word' id='word_1_105' title='bbox 219 1396 387 1441; x_wconf 88' lang='grc' dir='ltr'><strong><em>ταῦτα</em></strong></span> <span class='ocrx_word' id='word_1_106' title='bbox 429 1387 828 1457; x_wconf 81' lang='grc' dir='ltr'><strong><em>διαταξαμένου</em></strong></span> <span class='ocrx_word' id='word_1_107' title='bbox 868 1397 968 1443; x_wconf 87' lang='grc' dir='ltr'><strong><em>τοῦ</em></strong></span> <span class='ocrx_word' id='word_1_108' title='bbox 1006 1389 1305 1458; x_wconf 88' lang='grc' dir='ltr'><strong><em>τυράννου,</em></strong></span> <span class='ocrx_word' id='word_1_109' title='bbox 1351 1396 1605 1456; x_wconf 85' lang='grc' dir='ltr'><strong><em>παρῆσαν</em></strong></span> <span class='ocrx_word' id='word_1_110' title='bbox 1644 1387 1905 1456; x_wconf 88' lang='grc' dir='ltr'><strong><em>ἀγόμενοι</em></strong></span> 
     </span>
     <span class='ocr_line' id='line_1_16' title="bbox 219 1475 1903 1547; baseline 0.001 -20"><span class='ocrx_word' id='word_1_111' title='bbox 219 1476 350 1543; x_wconf 83' lang='grc' dir='ltr'><strong><em>μετὰ</em></strong></span> <span class='ocrx_word' id='word_1_112' title='bbox 390 1484 620 1546; x_wconf 85' lang='grc' dir='ltr'><strong><em>γηραιᾶς</em></strong></span> <span class='ocrx_word' id='word_1_113' title='bbox 659 1480 863 1547; x_wconf 86' lang='grc' dir='ltr'><strong><em>μητρὸς</em></strong></span> <span class='ocrx_word' id='word_1_114' title='bbox 896 1475 1029 1531; x_wconf 80' lang='grc' dir='ltr'><strong><em>ἑπτὰ</em></strong></span> <span class='ocrx_word' id='word_1_115' title='bbox 1061 1476 1297 1546; x_wconf 85' lang='grc' dir='ltr'><strong><em>ἀδελφοὶ</em></strong></span> <span class='ocrx_word' id='word_1_116' title='bbox 1328 1480 1492 1530; x_wconf 92' lang='grc' dir='ltr'><strong><em>καλοί</em></strong></span> <span class='ocrx_word' id='word_1_117' title='bbox 1524 1496 1580 1529; x_wconf 89' lang='grc' dir='ltr'><strong><em>τε</em></strong></span> <span class='ocrx_word' id='word_1_118' title='bbox 1620 1475 1711 1529; x_wconf 87' lang='grc' dir='ltr'><strong><em>καὶ</em></strong></span> <span class='ocrx_word' id='word_1_119' title='bbox 1751 1477 1903 1543; x_wconf 86' lang='grc' dir='ltr'><strong><em>αἰδή-</em></strong></span> 
     </span>
     <span class='ocr_line' id='line_1_17' title="bbox 219 1563 1906 1636; baseline -0.001 -19"><span class='ocrx_word' id='word_1_120' title='bbox 219 1584 381 1631; x_wconf 88' lang='grc' dir='ltr'><strong><em>μονες</em></strong></span> <span class='ocrx_word' id='word_1_121' title='bbox 426 1564 517 1617; x_wconf 89' lang='grc' dir='ltr'><strong><em>καὶ</em></strong></span> <span class='ocrx_word' id='word_1_122' title='bbox 563 1576 812 1633; x_wconf 76' lang='grc' dir='ltr'><strong><em>γενναῖοι</em></strong></span> <span class='ocrx_word' id='word_1_123' title='bbox 858 1565 950 1619; x_wconf 87' lang='grc' dir='ltr'><strong><em>καὶ</em></strong></span> <span class='ocrx_word' id='word_1_124' title='bbox 997 1568 1095 1620; x_wconf 91' lang='grc' dir='ltr'><strong><em>τὸν</em></strong></span> <span class='ocrx_word' id='word_1_125' title='bbox 1133 1568 1272 1620; x_wconf 91' lang='grc' dir='ltr'><strong><em>θεὸν</em></strong></span> <span class='ocrx_word' id='word_1_126' title='bbox 1319 1567 1661 1636; x_wconf 86' lang='grc' dir='ltr'><strong><em>φοβούμενοι</em></strong></span> <span class='ocrx_word' id='word_1_127' title='bbox 1707 1563 1798 1618; x_wconf 88' lang='grc' dir='ltr'><strong><em>καὶ</em></strong></span> <span class='ocrx_word' id='word_1_128' title='bbox 1845 1563 1906 1617; x_wconf 89' lang='grc' dir='ltr'><strong><em>ἐν</em></strong></span> 
     </span>
     <span class='ocr_line' id='line_1_18' title="bbox 218 1651 1907 1723; baseline 0 -18"><span class='ocrx_word' id='word_1_129' title='bbox 218 1651 382 1706; x_wconf 88' lang='grc' dir='ltr'><strong><em>παντὶ</em></strong></span> <span class='ocrx_word' id='word_1_130' title='bbox 421 1655 712 1723; x_wconf 85' lang='grc' dir='ltr'><strong><em>χαρίεντες.</em></strong></span> <span class='ocrx_word' id='word_1_131' title='bbox 781 1653 926 1722; x_wconf 80' lang='lat'>&lt;95&gt;</span> <span class='ocrx_word' id='word_1_132' title='bbox 967 1654 1063 1716; x_wconf 86' lang='grc' dir='ltr'><strong><em>οὓς</em></strong></span> <span class='ocrx_word' id='word_1_133' title='bbox 1104 1655 1240 1707; x_wconf 83' lang='grc' dir='ltr'><strong><em>ἰδὼν</em></strong></span> <span class='ocrx_word' id='word_1_134' title='bbox 1277 1655 1306 1708; x_wconf 89' lang='grc' dir='ltr'>ὁ</span> <span class='ocrx_word' id='word_1_135' title='bbox 1347 1655 1618 1723; x_wconf 91' lang='grc' dir='ltr'><strong><em>τύραννος</em></strong></span> <span class='ocrx_word' id='word_1_136' title='bbox 1656 1654 1907 1718; x_wconf 88' lang='grc' dir='ltr'><strong><em>καθάπερ</em></strong></span> 
     </span>
     <span class='ocr_line' id='line_1_19' title="bbox 221 1736 1903 1813; baseline 0 -19"><span class='ocrx_word' id='word_1_137' title='bbox 221 1740 281 1793; x_wconf 88' lang='grc' dir='ltr'><strong><em>ἐν</em></strong></span> <span class='ocrx_word' id='word_1_138' title='bbox 320 1749 465 1813; x_wconf 76' lang='grc' dir='ltr'><strong><em>χορῷ</em></strong></span> <span class='ocrx_word' id='word_1_139' title='bbox 513 1740 686 1811; x_wconf 84' lang='grc' dir='ltr'><strong><em>μέσην</em></strong></span> <span class='ocrx_word' id='word_1_140' title='bbox 725 1743 826 1810; x_wconf 86' lang='grc' dir='ltr'><strong><em>τὴν</em></strong></span> <span class='ocrx_word' id='word_1_141' title='bbox 867 1741 1071 1811; x_wconf 88' lang='grc' dir='ltr'><strong><em>μητέρα</em></strong></span> <span class='ocrx_word' id='word_1_142' title='bbox 1108 1742 1484 1812; x_wconf 85' lang='grc' dir='ltr'><strong><em>περιέχοντας,</em></strong></span> <span class='ocrx_word' id='word_1_143' title='bbox 1531 1743 1680 1810; x_wconf 77' lang='grc' dir='ltr'><strong><em>ἥσθη</em></strong></span> <span class='ocrx_word' id='word_1_144' title='bbox 1720 1761 1776 1795; x_wconf 93' lang='grc' dir='ltr'><strong><em>τε</em></strong></span> <span class='ocrx_word' id='word_1_145' title='bbox 1817 1736 1903 1794; x_wconf 84' lang='grc' dir='ltr'><strong><em>ἐπ’</em></strong></span> 
     </span>
     <span class='ocr_line' id='line_1_20' title="bbox 221 1829 1911 1899; baseline 0 -17"><span class='ocrx_word' id='word_1_146' title='bbox 221 1830 407 1893; x_wconf 78' lang='grc' dir='ltr'><strong><em>αὐτοῖς</em></strong></span> <span class='ocrx_word' id='word_1_147' title='bbox 445 1829 536 1883; x_wconf 87' lang='grc' dir='ltr'><strong><em>καὶ</em></strong></span> <span class='ocrx_word' id='word_1_148' title='bbox 574 1838 668 1899; x_wconf 84' lang='grc' dir='ltr'><strong><em>τῆς</em></strong></span> <span class='ocrx_word' id='word_1_149' title='bbox 699 1831 1023 1898; x_wconf 86' lang='grc' dir='ltr'><strong><em>εὐπρεπείας</em></strong></span> <span class='ocrx_word' id='word_1_150' title='bbox 1056 1829 1341 1899; x_wconf 84' lang='grc' dir='ltr'><strong><em>ἐκπλαγεὶς</em></strong></span> <span class='ocrx_word' id='word_1_151' title='bbox 1378 1829 1468 1883; x_wconf 90' lang='grc' dir='ltr'><strong><em>καὶ</em></strong></span> <span class='ocrx_word' id='word_1_152' title='bbox 1508 1837 1602 1897; x_wconf 82' lang='grc' dir='ltr'><strong><em>τῆς</em></strong></span> <span class='ocrx_word' id='word_1_153' title='bbox 1631 1829 1911 1897; x_wconf 85' lang='grc' dir='ltr'><strong><em>εὐγενείας</em></strong></span> 
     </span>
     <span class='ocr_line' id='line_1_21' title="bbox 220 1917 1910 1988; baseline 0 -18"><span class='ocrx_word' id='word_1_154' title='bbox 220 1920 675 1987; x_wconf 86' lang='grc' dir='ltr'><strong><em>προσεμειδίασεν</em></strong></span> <span class='ocrx_word' id='word_1_155' title='bbox 709 1918 911 1987; x_wconf 82' lang='grc' dir='ltr'><strong><em>αὐτοῖς,</em></strong></span> <span class='ocrx_word' id='word_1_156' title='bbox 951 1917 1042 1972; x_wconf 88' lang='grc' dir='ltr'><strong><em>καὶ</em></strong></span> <span class='ocrx_word' id='word_1_157' title='bbox 1081 1921 1318 1988; x_wconf 87' lang='grc' dir='ltr'><strong><em>πλησίον</em></strong></span> <span class='ocrx_word' id='word_1_158' title='bbox 1351 1917 1585 1980; x_wconf 88' lang='grc' dir='ltr'><strong><em>καλέσας</em></strong></span> <span class='ocrx_word' id='word_1_159' title='bbox 1623 1919 1727 1987; x_wconf 80' lang='grc' dir='ltr'><strong><em>ἔφη</em></strong></span> <span class='ocrx_word' id='word_1_160' title='bbox 1766 1917 1910 1985; x_wconf 88' lang='grc'>&lt;96&gt;</span> 
     </span>
     <span class='ocr_line' id='line_1_22' title="bbox 224 2002 1909 2077; baseline 0.001 -19"><span class='ocrx_word' id='word_1_161' title='bbox 224 2002 292 2058; x_wconf 60' lang='grc' dir='ltr'><strong><em>εὦ</em></strong></span> <span class='ocrx_word' id='word_1_162' title='bbox 340 2010 581 2076; x_wconf 89' lang='grc' dir='ltr'><strong><em>νεανίαι,</em></strong></span> <span class='ocrx_word' id='word_1_163' title='bbox 635 2010 994 2077; x_wconf 86' lang='grc' dir='ltr'><strong><em>φιλοφρόνως</em></strong></span> <span class='ocrx_word' id='word_1_164' title='bbox 1042 2007 1147 2075; x_wconf 87' lang='grc' dir='ltr'><strong><em>ἐγὼ</em></strong></span> <span class='ocrx_word' id='word_1_165' title='bbox 1197 2005 1319 2071; x_wconf 79' lang='grc' dir='ltr'><strong><em>ἑνὸς</em></strong></span> <span class='ocrx_word' id='word_1_166' title='bbox 1367 2005 1597 2060; x_wconf 78' lang='grc' dir='ltr'><strong><em>ἑκάστου</em></strong></span> <span class='ocrx_word' id='word_1_167' title='bbox 1643 2006 1801 2074; x_wconf 85' lang='grc' dir='ltr'><strong><em>ὑμῶν</em></strong></span> <span class='ocrx_word' id='word_1_168' title='bbox 1846 2007 1909 2059; x_wconf 88' lang='grc' dir='ltr'><strong><em>τὸ</em></strong></span> 
     </span>
     <span class='ocr_line' id='line_1_23' title="bbox 221 2093 1910 2165; baseline -0.001 -18"><span class='ocrx_word' id='word_1_169' title='bbox 221 2094 421 2157; x_wconf 89' lang='grc' dir='ltr'><strong><em>κάλλος</em></strong></span> <span class='ocrx_word' id='word_1_170' title='bbox 469 2096 769 2165; x_wconf 79' lang='grc' dir='ltr'><strong><em>θαυμάζων</em></strong></span> <span class='ocrx_word' id='word_1_171' title='bbox 815 2095 907 2154; x_wconf 86' lang='grc' dir='ltr'><strong><em>καὶ</em></strong></span> <span class='ocrx_word' id='word_1_172' title='bbox 953 2098 1014 2150; x_wconf 93' lang='grc' dir='ltr'><strong><em>τὸ</em></strong></span> <span class='ocrx_word' id='word_1_173' title='bbox 1061 2101 1277 2164; x_wconf 81' lang='grc' dir='ltr'><strong><em>πλῆθος</em></strong></span> <span class='ocrx_word' id='word_1_174' title='bbox 1323 2097 1605 2149; x_wconf 88' lang='grc' dir='ltr'><strong><em>τοσούτων</em></strong></span> <span class='ocrx_word' id='word_1_175' title='bbox 1653 2093 1910 2163; x_wconf 80' lang='grc' dir='ltr'><strong><em>ἀδελφῶν</em></strong></span> 
     </span>
     <span class='ocr_line' id='line_1_24' title="bbox 222 2182 1911 2253; baseline 0 -18"><span class='ocrx_word' id='word_1_176' title='bbox 222 2182 536 2250; x_wconf 86' lang='grc' dir='ltr'><strong><em>ὑπερτιμῶν</em></strong></span> <span class='ocrx_word' id='word_1_177' title='bbox 591 2183 658 2236; x_wconf 96' lang='grc' dir='ltr'><strong><em>οὐ</em></strong></span> <span class='ocrx_word' id='word_1_178' title='bbox 719 2187 895 2252; x_wconf 90' lang='grc' dir='ltr'><strong><em>μόνον</em></strong></span> <span class='ocrx_word' id='word_1_179' title='bbox 950 2185 1311 2253; x_wconf 86' lang='grc' dir='ltr'><strong><em>συμβουλεύω</em></strong></span> <span class='ocrx_word' id='word_1_180' title='bbox 1374 2185 1447 2252; x_wconf 89' lang='grc' dir='ltr'><strong><em>μὴ</em></strong></span> <span class='ocrx_word' id='word_1_181' title='bbox 1511 2190 1751 2251; x_wconf 86' lang='grc' dir='ltr'><strong><em>μανῆναι</em></strong></span> <span class='ocrx_word' id='word_1_182' title='bbox 1809 2183 1911 2250; x_wconf 87' lang='grc' dir='ltr'><strong><em>τὴν</em></strong></span> 
     </span>
     <span class='ocr_line' id='line_1_25' title="bbox 223 2269 1912 2343; baseline 0 -20"><span class='ocrx_word' id='word_1_183' title='bbox 223 2271 397 2338; x_wconf 85' lang='grc' dir='ltr'><strong><em>αὐτὴν</em></strong></span> <span class='ocrx_word' id='word_1_184' title='bbox 435 2279 511 2343; x_wconf 78' lang='grc' dir='ltr'><strong><em>τῷ</em></strong></span> <span class='ocrx_word' id='word_1_185' title='bbox 549 2271 1058 2340; x_wconf 89' lang='grc' dir='ltr'><strong><em>προβασανισθέντι</em></strong></span> <span class='ocrx_word' id='word_1_186' title='bbox 1104 2270 1323 2341; x_wconf 85' lang='grc' dir='ltr'><strong><em>γέροντι</em></strong></span> <span class='ocrx_word' id='word_1_187' title='bbox 1371 2274 1593 2340; x_wconf 88' lang='grc' dir='ltr'><strong><em>μανίαν,</em></strong></span> <span class='ocrx_word' id='word_1_188' title='bbox 1641 2271 1780 2323; x_wconf 80' lang='grc' dir='ltr'><strong><em>ἀλλὰ</em></strong></span> <span class='ocrx_word' id='word_1_189' title='bbox 1822 2269 1912 2323; x_wconf 85' lang='grc' dir='ltr'><strong><em>καὶ</em></strong></span> 
     </span>
     <span class='ocr_line' id='line_1_26' title="bbox 221 2358 1913 2431; baseline -0.001 -19"><span class='ocrx_word' id='word_1_190' title='bbox 221 2364 519 2427; x_wconf 83' lang='grc' dir='ltr'><strong><em>παρακαλῶ</em></strong></span> <span class='ocrx_word' id='word_1_191' title='bbox 575 2359 928 2424; x_wconf 82' lang='grc' dir='ltr'><strong><em>συνείξαντάς</em></strong></span> <span class='ocrx_word' id='word_1_192' title='bbox 985 2381 1093 2430; x_wconf 90' lang='grc' dir='ltr'><strong><em>μου</em></strong></span> <span class='ocrx_word' id='word_1_193' title='bbox 1149 2369 1214 2431; x_wconf 75' lang='grc' dir='ltr'><strong><em>τῇ</em></strong></span> <span class='ocrx_word' id='word_1_194' title='bbox 1269 2362 1580 2430; x_wconf 82' lang='grc' dir='ltr'><strong><em>συμβουλία</em></strong></span> <span class='ocrx_word' id='word_1_195' title='bbox 1634 2366 1728 2427; x_wconf 78' lang='grc' dir='ltr'><strong><em>τῆς</em></strong></span> <span class='ocrx_word' id='word_1_196' title='bbox 1784 2358 1913 2427; x_wconf 80' lang='grc' dir='ltr'><strong><em>ἐμῆς</em></strong></span> 
     </span>
     <span class='ocr_line' id='line_1_27' title="bbox 224 2448 1913 2519; baseline -0.001 -18"><span class='ocrx_word' id='word_1_197' title='bbox 224 2448 525 2502; x_wconf 89' lang='grc' dir='ltr'><strong><em>ἀπολαύειν</em></strong></span> <span class='ocrx_word' id='word_1_198' title='bbox 564 2452 774 2518; x_wconf 88' lang='grc' dir='ltr'><strong><em>φιλίας·</em></strong></span> <span class='ocrx_word' id='word_1_199' title='bbox 821 2450 967 2519; x_wconf 81' lang='grc'>&lt;97&gt;</span> <span class='ocrx_word' id='word_1_200' title='bbox 1007 2451 1283 2519; x_wconf 79' lang='grc' dir='ltr'><strong><em>δυναίμην</em></strong></span> <span class='ocrx_word' id='word_1_201' title='bbox 1330 2450 1434 2518; x_wconf 78' lang='grc' dir='ltr'><strong><em>γὰρ</em></strong></span> <span class='ocrx_word' id='word_1_202' title='bbox 1482 2448 1552 2501; x_wconf 77' lang='grc' dir='ltr'><strong><em>ἂν</em></strong></span> <span class='ocrx_word' id='word_1_203' title='bbox 1593 2449 1773 2517; x_wconf 81' lang='grc' dir='ltr'><strong><em>ὥσπερ</em></strong></span> <span class='ocrx_word' id='word_1_204' title='bbox 1821 2467 1913 2500; x_wconf 90' lang='grc' dir='ltr'><strong><em>κο-</em></strong></span> 
     </span>
     <span class='ocr_line' id='line_1_28' title="bbox 226 2535 1914 2606; baseline -0.001 -16"><span class='ocrx_word' id='word_1_205' title='bbox 226 2538 575 2602; x_wconf 83' lang='grc' dir='ltr'><strong><em>λάζειντοὺς</em></strong></span> <span class='ocrx_word' id='word_1_206' title='bbox 621 2537 992 2601; x_wconf 87' lang='grc' dir='ltr'><strong><em>ἀπειθοῦντάς</em></strong></span> <span class='ocrx_word' id='word_1_207' title='bbox 1038 2559 1146 2606; x_wconf 90' lang='grc' dir='ltr'><strong><em>μου</em></strong></span> <span class='ocrx_word' id='word_1_208' title='bbox 1186 2548 1301 2602; x_wconf 81' lang='grc' dir='ltr'><strong><em>τοῖς</em></strong></span> <span class='ocrx_word' id='word_1_209' title='bbox 1339 2538 1721 2606; x_wconf 82' lang='grc' dir='ltr'><strong><em>ἐπιτάγμασιν,</em></strong></span> <span class='ocrx_word' id='word_1_210' title='bbox 1768 2535 1914 2588; x_wconf 83' lang='grc' dir='ltr'><strong><em>οὕτω</em></strong></span> 
     </span>
     <span class='ocr_line' id='line_1_29' title="bbox 225 2623 1915 2696; baseline -0.001 -18"><span class='ocrx_word' id='word_1_211' title='bbox 225 2624 317 2678; x_wconf 88' lang='grc' dir='ltr'><strong><em>καὶ</em></strong></span> <span class='ocrx_word' id='word_1_212' title='bbox 354 2627 662 2696; x_wconf 77' lang='grc' dir='ltr'><strong><em>εὐεργετεῖν</em></strong></span> <span class='ocrx_word' id='word_1_213' title='bbox 692 2629 821 2688; x_wconf 89' lang='grc' dir='ltr'><strong><em>τοὺς</em></strong></span> <span class='ocrx_word' id='word_1_214' title='bbox 859 2627 1260 2689; x_wconf 86' lang='grc' dir='ltr'><strong><em>εὐπειθοῦντάς</em></strong></span> <span class='ocrx_word' id='word_1_215' title='bbox 1299 2646 1407 2695; x_wconf 92' lang='grc' dir='ltr'><strong><em>μοι.</em></strong></span> <span class='ocrx_word' id='word_1_216' title='bbox 1471 2625 1618 2694; x_wconf 84' lang='grc'>&lt;98&gt;</span> <span class='ocrx_word' id='word_1_217' title='bbox 1656 2623 1915 2676; x_wconf 85' lang='grc' dir='ltr'><strong><em>πεισθέν-</em></strong></span> 
     </span>
     <span class='ocr_line' id='line_1_30' title="bbox 226 2710 1915 2784; baseline -0.002 -17"><span class='ocrx_word' id='word_1_218' title='bbox 226 2734 312 2777; x_wconf 90' lang='grc' dir='ltr'><strong><em>τες</em></strong></span> <span class='ocrx_word' id='word_1_219' title='bbox 351 2710 454 2768; x_wconf 82' lang='grc' dir='ltr'><strong><em>οὗν</em></strong></span> <span class='ocrx_word' id='word_1_220' title='bbox 495 2735 588 2782; x_wconf 92' lang='grc' dir='ltr'><strong><em>μοι</em></strong></span> <span class='ocrx_word' id='word_1_221' title='bbox 635 2713 725 2767; x_wconf 88' lang='grc' dir='ltr'><strong><em>καὶ</em></strong></span> <span class='ocrx_word' id='word_1_222' title='bbox 773 2715 941 2784; x_wconf 81' lang='grc' dir='ltr'><strong><em>ἀρχὰς</em></strong></span> <span class='ocrx_word' id='word_1_223' title='bbox 986 2714 1077 2768; x_wconf 87' lang='grc' dir='ltr'><strong><em>καὶ</em></strong></span> <span class='ocrx_word' id='word_1_224' title='bbox 1118 2713 1206 2767; x_wconf 85' lang='grc' dir='ltr'><strong><em>ἐπὶ</em></strong></span> <span class='ocrx_word' id='word_1_225' title='bbox 1243 2724 1354 2767; x_wconf 90' lang='grc' dir='ltr'><strong><em>τῶν</em></strong></span> <span class='ocrx_word' id='word_1_226' title='bbox 1396 2713 1543 2782; x_wconf 85' lang='grc' dir='ltr'><strong><em>ἐμῶν</em></strong></span> <span class='ocrx_word' id='word_1_227' title='bbox 1580 2714 1915 2781; x_wconf 88' lang='grc' dir='ltr'><strong><em>πραγμάτων</em></strong></span> 
     </span>
     <span class='ocr_line' id='line_1_31' title="bbox 230 2802 1914 2872; baseline -0.001 -18"><span class='ocrx_word' id='word_1_228' title='bbox 230 2803 521 2870; x_wconf 82' lang='grc' dir='ltr'><strong><em>ἡγεμονίας</em></strong></span> <span class='ocrx_word' id='word_1_229' title='bbox 560 2805 823 2872; x_wconf 82' lang='grc' dir='ltr'><strong><em>λήψεσθε,</em></strong></span> <span class='ocrx_word' id='word_1_230' title='bbox 863 2802 1201 2872; x_wconf 88' lang='grc' dir='ltr'><strong><em>ἀρνηθέντες</em></strong></span> <span class='ocrx_word' id='word_1_231' title='bbox 1238 2805 1338 2856; x_wconf 87' lang='grc' dir='ltr'><strong><em>τὸν</em></strong></span> <span class='ocrx_word' id='word_1_232' title='bbox 1368 2803 1601 2870; x_wconf 88' lang='grc' dir='ltr'><strong><em>πάτριον</em></strong></span> <span class='ocrx_word' id='word_1_233' title='bbox 1633 2802 1788 2870; x_wconf 83' lang='grc' dir='ltr'><strong><em>ὑμῶν</em></strong></span> <span class='ocrx_word' id='word_1_234' title='bbox 1820 2809 1914 2868; x_wconf 80' lang='grc' dir='ltr'><strong><em>τῆς</em></strong></span> 
     </span>
     <span class='ocr_line' id='line_1_32' title="bbox 226 2889 1914 2960; baseline -0.001 -17"><span class='ocrx_word' id='word_1_235' title='bbox 226 2893 502 2953; x_wconf 88' lang='grc' dir='ltr'><strong><em>πολιτείας</em></strong></span> <span class='ocrx_word' id='word_1_236' title='bbox 547 2894 779 2959; x_wconf 88' lang='grc' dir='ltr'><strong><em>θεσμόν,</em></strong></span> <span class='ocrx_word' id='word_1_237' title='bbox 834 2891 922 2944; x_wconf 85' lang='grc' dir='ltr'><strong><em>καὶ</em></strong></span> <span class='ocrx_word' id='word_1_238' title='bbox 970 2895 1367 2960; x_wconf 89' lang='grc' dir='ltr'><strong><em>μεταλαβόντες</em></strong></span> <span class='ocrx_word' id='word_1_239' title='bbox 1415 2889 1739 2959; x_wconf 85' lang='grc' dir='ltr'><strong><em>Ἑλληνικοῦ</em></strong></span> <span class='ocrx_word' id='word_1_240' title='bbox 1786 2893 1914 2958; x_wconf 91' lang='grc' dir='ltr'><strong><em>βίου</em></strong></span> 
     </span>
    </p>
   </div>
   <div class='ocr_carea' id='block_1_5' title="bbox 1927 1057 1971 1088">
    <p class='ocr_par' dir='ltr' id='par_1_5' title="bbox 1927 1057 1971 1088">
     <span class='ocr_line' id='line_1_33' title="bbox 1927 1057 1971 1088; baseline 0 0"><span class='ocrx_word' id='word_1_241' title='bbox 1927 1057 1971 1088; x_wconf 87' lang='grc'><strong><em>10</em></strong></span> 
     </span>
    </p>
   </div>
   <div class='ocr_carea' id='block_1_6' title="bbox 1931 1497 1974 1530">
    <p class='ocr_par' dir='ltr' id='par_1_6' title="bbox 1931 1497 1974 1530">
     <span class='ocr_line' id='line_1_34' title="bbox 1931 1497 1974 1530; baseline -0.023 0"><span class='ocrx_word' id='word_1_242' title='bbox 1931 1497 1974 1530; x_wconf 83' lang='grc'><strong><em>15</em></strong></span> 
     </span>
    </p>
   </div>
   <div class='ocr_carea' id='block_1_7' title="bbox 1934 1939 1980 1970">
    <p class='ocr_par' dir='ltr' id='par_1_7' title="bbox 1934 1939 1980 1970">
     <span class='ocr_line' id='line_1_35' title="bbox 1934 1939 1980 1970; baseline 0.022 -1"><span class='ocrx_word' id='word_1_243' title='bbox 1934 1939 1980 1970; x_wconf 83' lang='lat'><strong><em>20</em></strong></span> 
     </span>
    </p>
   </div>
   <div class='ocr_carea' id='block_1_8' title="bbox 1937 2380 1982 2411">
    <p class='ocr_par' dir='ltr' id='par_1_8' title="bbox 1937 2380 1982 2411">
     <span class='ocr_line' id='line_1_36' title="bbox 1937 2380 1982 2411; baseline 0 0"><span class='ocrx_word' id='word_1_244' title='bbox 1937 2380 1982 2411; x_wconf 81' lang='lat'><strong><em>25</em></strong></span> 
     </span>
    </p>
   </div>
   <div class='ocr_carea' id='block_1_9' title="bbox 1939 2821 1984 2852">
    <p class='ocr_par' dir='ltr' id='par_1_9' title="bbox 1939 2821 1984 2852">
     <span class='ocr_line' id='line_1_37' title="bbox 1939 2821 1984 2852; baseline 0 0"><span class='ocrx_word' id='word_1_245' title='bbox 1939 2821 1984 2852; x_wconf 82' lang='lat'><strong><em>30</em></strong></span> 
     </span>
    </p>
   </div>
  </div>
 </body>
</html>
