2032 3128
195 106 304 159 226
803 109 962 150 ΚΑΤΑ
993 108 1271 151 ΑΠΙΩΝΟΣ

200 244 338 310 ήσας
399 240 700 309 ἐμβόλιμον
761 240 1015 309 βασιλέα,
1083 239 1219 310 φησὶ
1283 248 1480 294 τοῦτον
1544 240 1879 310 ἐπιθυμῆσαι

199 335 350 382 θεῶν
383 327 644 397 γενέσθαι
677 330 886 397 θεατὴν
919 329 1099 398 ὥσπερ
1129 323 1294 398 Ὠρος
1324 323 1401 391 εἷς
1430 338 1541 382 τῶν
1571 331 1677 399 πρὸ
1710 329 1881 383 αὐτοῦ

195 419 687 485 βεβασιλευκότων,
741 416 1058 484 ἀνενεγκεῖν
1110 413 1172 469 δὲ
1225 416 1325 485 τὴν
1380 417 1682 486 ἐπιθυμίαν
1738 418 1881 486 ὁμω-

197 507 353 577 νύμῳ
394 502 495 574 μὲν
534 505 707 558 αὐτοῦ
742 503 1070 574 Ἀμενώφει,
1107 507 1313 574 πατρὸς
1352 502 1413 558 δὲ
1452 506 1705 569 Παάπιος
1744 508 1881 575 ὄντι,

196 598 355 656 θείας
402 590 463 646 δὲ
511 595 770 647 δοκοῦντι
817 592 1202 663 μετεσχηκέναι
1249 595 1467 662 φύσεως
1511 595 1647 647 κατά
1693 614 1749 647 τε
1789 610 1880 648 σο-

196 684 332 750 φίαν
368 680 458 734 καὶ
497 684 816 751 πρόγνωσιν
845 691 958 735 τῶν
992 682 1285 750 ἐσομένων.
1354 683 1534 751 <233>
1573 685 1746 735 εἰπεῖν
1778 679 1882 736 οὗν

197 770 344 842 αὐτῷ
377 777 577 824 τοῦτον
608 772 706 823 τὸν
738 769 1037 839 ὁμώνυμον
1069 769 1153 822 ὅτι
1185 771 1481 838 δυνήσεται
1513 773 1683 833 θεοὺς
1722 772 1880 837 ἰδεῖν,

197 860 248 910 εἰ
284 859 539 925 καθαρὰν
571 857 679 912 ἀπό
699 857 771 911 ’τε
804 863 1021 927 λεπρῶν
1055 857 1146 911 καὶ
1185 868 1295 911 τῶν
1327 860 1510 912 ἄλλων
1543 868 1757 928 μιαρῶν
1787 859 1883 912 ἀν-

195 948 443 1015 θρώπων
474 947 575 1014 τὴν
606 947 792 1016 χώραν
824 947 1041 1000 ἅπασαν
1071 948 1367 1015 ποιήσειεν.
1429 948 1610 1017 <234>
1641 947 1884 1017 ἡσθέντα

197 1031 259 1087 δὲ
297 1035 395 1087 τὸν
428 1033 655 1103 βασιλέα
693 1034 899 1095 πάντας
937 1037 1066 1097 τοὺς
1104 1035 1169 1088 τὰ
1209 1036 1430 1104 σώματα
1466 1035 1883 1105 λελωβημένους

195 1122 255 1176 ἐκ
302 1130 396 1191 τῆς
442 1123 728 1190 Αἰγύπτου
777 1133 1111 1191 συναγαγεῖν
1158 1121 1446 1194 (γενέσθαι
1494 1121 1555 1176 δὲ
1605 1133 1704 1178 τοῦ
1749 1129 1884 1194 πλή-

196 1216 338 1274 θους
400 1211 671 1281 μυριάδας
735 1210 928 1279 ὀκτώ),
990 1211 1172 1280 <235>
1225 1210 1315 1264 καὶ
1376 1213 1606 1274 τούτους
1663 1214 1739 1275 εἰς
1791 1214 1885 1276 τὰς

197 1302 520 1367 λιθοτομίας
550 1300 646 1361 τὰς
680 1298 739 1351 ἐν
770 1307 844 1369 τςό
877 1300 1015 1367 πρὸς
1047 1299 1323 1368 ἀνατολὴν
1354 1299 1508 1369 μέρει
1541 1310 1641 1354 τοῦ
1681 1304 1885 1355 Νείλου

198 1386 453 1455 ἐμβαλεῖν
516 1386 711 1454 αὐτόν,
783 1387 930 1450 ὅπως
999 1387 1315 1457 ἐργάζοιντο
1376 1387 1467 1442 καὶ
1528 1399 1638 1442 τῶν
1701 1391 1886 1444 ἄλλων

198 1477 520 1549 Αἰγυπτίων
551 1472 663 1528 εἷεν
694 1474 1103 1545 κεχωρισμένοι.
1156 1474 1297 1530 εἶναι
1331 1476 1398 1530 δέ
1422 1498 1577 1540 τινας
1609 1477 1668 1530 έν
1699 1474 1886 1541 αὐτοῖς

196 1563 287 1617 καὶ
339 1574 449 1617 τῶν
504 1568 710 1632 λογίων
765 1563 957 1632 ἱερέων
1010 1568 1172 1634 φησί,
1236 1563 1408 1638 λέπρᾳ
1462 1565 1885 1636 συνεχομένους.

196 1652 375 1722 <236>
414 1655 511 1707 τὸν
544 1649 606 1706 δὲ
639 1651 952 1723 Ἀμένωφιν
993 1653 1227 1722 ἐκεῖνον,
1265 1656 1364 1707 τὸν
1405 1657 1584 1725 σοφὸν
1623 1653 1713 1708 καὶ
1752 1675 1887 1724 μαν-

197 1743 350 1794 τικὸν
390 1742 593 1810 ἄνδρα,
640 1741 930 1795 ὑποδεῖσαι
975 1745 1114 1811 πρὸς
1161 1743 1331 1796 αὑτόν
1370 1762 1428 1796 τε
1466 1742 1558 1796 καὶ
1596 1746 1695 1798 τὸν
1732 1747 1886 1813 βασι-

198 1829 293 1883 λέα
337 1832 505 1900 χόλον
544 1839 654 1883 τῶν
692 1836 865 1898 θεῶν,
912 1832 964 1883 εἰ
1007 1830 1335 1899 βιασθέντες
1374 1833 1751 1902 ὀφθήσονται,
1796 1830 1888 1885 καὶ

196 1917 582 1987 προσθέμενον
624 1919 798 1972 εἰπεῖν
838 1918 922 1972 ὅτι
963 1922 1388 1989 συμμαχήσουσί
1428 1940 1574 1983 τινες
1596 1930 1727 1983 ’τοῖς
1766 1941 1887 1989 μια-

199 2016 317 2073 ροῖς
362 2004 452 2059 καὶ
499 2014 594 2075 τῆς
631 2008 921 2075 Αἰγύπτου
968 2009 1339 2078 κρατήσουσιν
1386 2007 1470 2062 ἐπ’
1507 2012 1597 2079 ἔτη
1647 2013 1888 2078 τρισκαί-

199 2097 349 2162 δέκα,
388 2096 459 2162 μὴ
496 2099 761 2163 τολμῆσαι
802 2093 903 2164 μὲν
936 2094 1105 2150 αὐτὸν
1136 2098 1311 2149 εἰπεῖν
1343 2105 1515 2151 ταῦτα
1545 2104 1619 2170 τῷ
1657 2101 1888 2167 βασιλεῖ,

198 2182 421 2252 γραφὴν
462 2180 523 2236 δὲ
570 2187 939 2237 καταλιπόντα
979 2183 1105 2255 περὶ
1151 2186 1375 2238 πάντων
1416 2183 1614 2240 ἑαυτὸν
1653 2186 1888 2240 ἀνελεῖν.

201 2271 261 2325 ἐν
300 2271 514 2342 ἀθυμίᾳ
554 2270 599 2324 δ’
635 2269 778 2324 εἶναι
816 2275 913 2325 τὸν
952 2271 1196 2342 βασιλέα.
1269 2275 1452 2343 <237>
1490 2276 1716 2328 κᾶπειτα
1754 2277 1888 2328 κατὰ

200 2359 347 2424 λέξιν
387 2360 530 2413 οὕτω
579 2358 869 2431 γέγραφεν.
947 2362 1085 2415 ετῶν
1132 2358 1186 2416 δ’
1219 2362 1279 2416 ἐν
1324 2372 1443 2426 ταῖς
1489 2367 1772 2432 λατομίαις
1815 2365 1888 2427 ὡς

198 2451 398 2517 χρόνος
454 2449 639 2511 ἱκανὸς
693 2451 924 2518 διῆλθεν
979 2453 1499 2519 ταλαιπωρούντων,
1553 2451 1811 2516 ἀξιωθεὶς
1858 2453 1886 2506 ὁ

199 2539 458 2605 βασιλεὺς
496 2538 588 2590 ἵνα
622 2537 803 2608 [πρὸς]
837 2540 1137 2593 κατάλυσιν
1170 2539 1357 2603 αὐτοῖς
1394 2539 1486 2594 καὶ
1518 2541 1723 2609 σκέπην
1756 2540 1889 2594 ἀπο-

199 2629 395 2696 μερίση
449 2625 551 2693 τὴν
607 2629 728 2679 τότε
787 2636 896 2680 τῶν
949 2628 1232 2697 ποιμένων
1286 2628 1672 2698 ἐρημωθεῖσαν
1725 2632 1889 2682 πόλιν

201 2714 439 2782 Αὔαριν,
479 2716 880 2786 συνεχώρησεν.
944 2719 1057 2769 ἔστι
1098 2716 1148 2769 δ’
1178 2717 1211 2785 ἡ
1251 2719 1408 2780 πόλις
1446 2718 1580 2770 κατὰ
1619 2717 1721 2785 τὴν
1760 2723 1889 2771 θεο-

201 2806 396 2870 λογίαν
451 2804 674 2856 ἄνωθεν
723 2805 1028 2872 Τυφώνιος.
1118 2805 1299 2875 <238>
1354 2808 1413 2859 οἳ
1465 2804 1514 2857 δ’
1555 2807 1633 2878 εἰς
1685 2808 1889 2874 ταύτην

200 2893 570 2960 εἰσελθόντες,
625 2890 715 2945 καὶ
760 2895 867 2946 ’τὸν
914 2896 1084 2947 τόπον
1132 2903 1331 2948 τοῦτον
1363 2892 1766 2965 (ὁρμητήριον)
1813 2896 1891 2956 εἰς

1907 1060 1951 1092 10

1912 1501 1953 1534 15

1912 1944 1955 1976 20

1913 2385 1956 2419 25

1913 2828 1959 2860 30
