2032 3128
229 88 335 141 150
655 92 780 133 ΤΟΤ
809 92 1149 134 ΙΟΥΔΑΙΚΟΤ
1179 92 1487 134 ΠΟΛΕΜΟΥ

222 232 334 275 τῶν
371 226 649 291 πολεμίων
690 228 987 294 στρατείας,
1028 223 1196 292 πέρας
1235 222 1295 277 δὲ
1334 234 1445 278 τῶν
1486 223 1771 293 ἐμφυλίων
1810 244 1903 276 κα-

221 319 353 380 κῶν,
392 310 567 381 ἀρχὴν
607 310 667 364 δὲ
705 321 816 364 τῶν
853 310 991 382 ὑπὲρ
1031 321 1126 381 τῆς
1163 313 1516 382 εὐδαιμονίας
1556 312 1807 365 ἐλπίδων.

164 410 189 449 7
331 399 511 467 <158>
551 401 683 468 μετὰ
724 397 785 452 δὲ
824 403 952 462 τοὺς
989 401 1302 469 θριάμβους
1347 400 1437 454 καὶ
1479 402 1581 464 τὴν
1619 396 1904 472 βεβαιοτά-

217 507 319 555 την
358 495 451 551 τῆς
489 485 768 552 Ῥωμαίων
812 486 1107 552 ἡγεμονίας
1151 489 1499 537 κατάστασιν·
1524 482 1906 546 ’ὃεσπασιανὸς

219 577 361 640 ἔγνω
392 570 618 639 τέμενος
642 573 884 640 Εἰρήνης
913 572 1328 624 κατασκευάσαι.
1394 574 1529 641 ταχὺ
1563 569 1625 624 δὲ
1658 573 1726 640 δὴ
1763 572 1905 640 μάλα
1950 592 1971 624 5

217 658 308 712 καὶ
355 659 533 728 πάσης
579 659 939 727 ἀνθρωπίνης
978 669 1227 727 κρεῖττον
1269 659 1512 722 ἐπινοίας
1552 659 1905 713 ἐτετελείωτο.

218 748 401 817 <159>
439 754 503 817 τῇ
543 748 647 818 γὰρ
689 746 747 800 ἐκ
787 755 885 800 τοῦ
924 749 1169 800 πλούτου
1209 752 1441 817 χορηγίᾳ
1474 750 1745 820 δαιμονίῳ
1777 767 1905 817 χρη-

218 837 478 906 σάμενος,
526 838 604 888 ε”τι
643 837 734 888 καὶ
772 845 887 898 τοῖς
926 837 1155 888 ἔκπαλαι
1193 834 1655 906 κατωρθωμένοις
1693 842 1908 904 γραφῆς

217 945 274 978 τε
328 923 419 978 καὶ
480 928 778 992 πλαστικῆς
833 926 1014 994 ἔργοις
1076 924 1210 976 αὐτὸ
1267 926 1660 991 κατεκόσμησε·
1725 921 1908 990 <16Ο>

215 1013 394 1066 πάντα
442 1013 545 1081 γὰρ
595 1013 672 1074 εἰς
719 1011 932 1065 ἐκεῖνον
978 1013 1077 1065 τὸν
1122 1013 1267 1065 νεὼν
1318 1013 1570 1080 συνήχθη
1618 1008 1710 1063 καὶ
1756 1028 1908 1062 κατε·
1933 1031 1975 1062 10

216 1100 372 1169 τέθη,
413 1099 485 1153 δι’
518 1096 596 1153 ὧν
626 1100 728 1168 τὴν
760 1098 902 1152 θέαν
934 1100 1226 1169 ἄνθρωποι
1257 1102 1529 1169 πρότερον
1561 1096 1686 1168 περὶ
1726 1106 1908 1151 πᾶσαν

218 1190 534 1243 ἐπλανῶντο
575 1190 676 1257 τὴν
715 1187 1068 1258 οἰκουμένην,
1117 1188 1218 1251 ἕως
1265 1189 1400 1241 ἄλλο
1447 1185 1574 1254 παρ’
1605 1188 1795 1249 ἄλλοις
1839 1183 1909 1254 ἦν

216 1281 490 1347 κείμενον,
533 1278 673 1330 ἰδεῖν
704 1283 1027 1340 ποθοῦντες.
1091 1276 1275 1344 <161>
1309 1274 1546 1344 ἀνέθηκε
1584 1272 1633 1327 δ’
1663 1274 1909 1339 ἐνταῦθα

216 1363 308 1418 καὶ
347 1366 413 1418 τὰ
452 1365 512 1419 ἐκ
550 1375 650 1420 τοῦ
692 1366 843 1435 ἱεροῦ
882 1374 993 1418 τῶν
1032 1363 1322 1419 Ἰουδαίων
1363 1372 1538 1434 χρυσᾶ
1578 1364 1910 1416 κατασκευά-

218 1469 414 1523 σματα,
455 1457 864 1523 σεμνυνόμενος
904 1452 985 1506 ἐπ’
1022 1454 1223 1517 αὐτοῖς.
1286 1453 1469 1522 <162>
1502 1454 1600 1506 τὸν
1634 1449 1695 1505 δὲ
1734 1454 1909 1520 νόμον
1935 1472 1978 1505 15

218 1543 402 1596 αὐτῶν
459 1541 551 1596 καὶ
612 1545 677 1596 τὰ
737 1550 997 1612 πορφυρᾶ
1058 1550 1158 1596 τοῦ
1223 1549 1397 1610 σηκοῦ
1459 1540 1912 1609 καταπετάσματα
1955 1546 1958 1549 Χ

217 1630 552 1700 προσέταξεν
586 1630 646 1684 ἐν
686 1641 800 1694 τοῖς
838 1633 1139 1699 βασιλείοις
1177 1629 1562 1698 ἀποθεμένους
1599 1629 1912 1698 φυλάττειν.

163 1721 196 1772 6
332 1721 515 1790 <163>
554 1722 633 1782 εἰς
673 1716 734 1772 δὲ
781 1720 882 1787 τὴν
923 1715 1202 1771 Ἰουδαίαν
1240 1717 1577 1788 πρεσβευτὴς
1615 1719 1913 1780 Λουκίλιος

218 1809 437 1872 Βάσσος
477 1809 831 1877 ἐκπεμφθείς,
870 1806 962 1860 καὶ
1001 1809 1103 1876 τὴν
1135 1807 1395 1876 στρατιὰν
1425 1806 1571 1876 παρὰ
1605 1807 1913 1874 Κερεαλίου

213 1896 577 1951 ’ὅιτελλιανοῦ
608 1897 964 1965 παραλαβών,
994 1897 1055 1949 τὸ
1089 1892 1190 1965 μὲν
1222 1895 1283 1948 ἐν
1313 1902 1388 1966 τῷ
1417 1892 1705 1967 “Ηρωδείςο
1739 1895 1912 1962 φρού-
1937 1917 1979 1948 20

219 2006 344 2055 ριον
405 1986 782 2055 προσηγάγετο
846 1986 978 2053 μετὰ
1039 1994 1150 2037 τῶν
1207 1983 1473 2054 ἐχόντων,
1536 1982 1718 2051 <164>
1779 1983 1913 2050 μετὰ

218 2083 389 2128 ταῦτα
430 2072 491 2127 δὲ
529 2083 639 2127 πᾶν
672 2074 807 2127 ὅσον
845 2070 916 2141 ῆν
949 2074 1341 2141 στρατιωτικὸν
1375 2072 1706 2140 συναγαγών
1745 2069 1914 2142 (πολὺ

221 2161 271 2216 δ’
309 2159 379 2232 ἦν
426 2164 562 2216 κατὰ
617 2161 754 2232 μέρη
804 2161 1166 2232 διῃρημένον)
1218 2159 1309 2213 καὶ
1355 2170 1467 2213 τῶν
1513 2159 1804 2229 ταγμάτων
1849 2160 1912 2212 τὸ

221 2250 473 2321 δέκατον,
505 2254 648 2319 ἔγνω
683 2252 1003 2324 στρατεύειν
1036 2249 1123 2304 ἐπὶ
1154 2253 1572 2319 Μαχαιροῦντα.
1627 2248 1775 2301 πάνυ
1807 2249 1912 2318 γὰρ

217 2337 289 2409 ἧν
336 2339 639 2409 ἀναγκαῖον
688 2339 1041 2409 ἐξαιρεθῆναι
1087 2340 1149 2392 τὸ
1204 2339 1498 2408 φρούριον,
1552 2338 1625 2406 μὴ
1674 2337 1766 2389 διὰ
1811 2337 1914 2405 τὴν
1938 2358 1980 2390 25

218 2429 529 2500 ὀχυρότηρα
574 2431 817 2491 πολλοὺς
860 2430 939 2490 είς
977 2428 1282 2481 ἀπόστασιν
1322 2426 1683 2495 ἐπαγάγηται·
1730 2424 1912 2493 <165>

216 2516 307 2570 καὶ
356 2518 461 2587 γὰρ
501 2527 616 2580 τοῖς
663 2516 954 2587 κατέχουσι
993 2519 1227 2585 βεβαίαν
1267 2514 1462 2568 ἐλπίδα
1503 2517 1775 2582 σωτηρίας
1821 2512 1912 2567 καὶ

219 2616 336 2669 τοῖς
376 2605 627 2660 ἐπιοῦσιν
668 2607 837 2659 ὄκνον
875 2603 966 2658 καὶ
1007 2603 1130 2668 δέος
1169 2605 1201 2673 ἡ
1242 2610 1342 2658 τοῦ
1388 2605 1595 2674 χωρίου
1635 2603 1802 2672 φύσις
1843 2598 1914 2670 ἦν

217 2704 521 2765 παρασχεῖν
565 2694 884 2763 ἱκανωτάτη.
962 2694 1144 2762 <166>
1186 2692 1321 2746 αὐτὸ
1362 2688 1462 2760 μὲν
1502 2692 1607 2760 γὰρ
1646 2693 1708 2744 τὸ
1748 2710 1913 2744 τετει-

218 2782 483 2854 χισμένον
533 2783 818 2854 πετρώδης
872 2784 1044 2852 ὄχθος
1100 2781 1276 2849 ἐστίν,
1329 2782 1408 2843 εἰς
1460 2782 1724 2849 μήκιστον
1771 2779 1914 2844 ὕψος
1937 2800 1980 2832 30

220 2870 609 2942 ἐγηγερμένος,
672 2872 746 2934 ὡς
808 2867 952 2924 εἶναι
1015 2869 1106 2924 καὶ
1161 2871 1254 2923 διὰ
1308 2876 1471 2924 τοῦτο
1527 2870 1912 2939 δυσχείρωτος,
