2032 3128
687 116 897 158 ΛΟΓΟΣ
928 116 1230 157 ΠΕΜΠΤΟΣ
1726 114 1797 166 69

120 247 179 300 ἐκ
216 257 326 300 τῶν
366 246 695 317 ἀρχιερέων,
743 247 803 301 ἐν
848 258 962 311 τοῖς
1008 248 1242 317 μάλιστα
1288 257 1362 319 τῷ
1412 250 1566 322 δήμῳ
1612 251 1803 312 πιστὸς

117 333 208 388 καὶ
247 339 453 404 τίμιος,
502 333 685 403 <528>
726 335 788 399 ὃς
833 337 941 390 ὑπὸ
987 345 1103 398 τοῖς
1151 338 1411 404 ζηλωταῖς
1455 335 1800 406 κακουμένου

117 430 216 476 τοῦ
247 425 524 492 πλήθους,
563 416 645 486 οἷς
675 425 781 492 ἤδη
813 422 905 477 καὶ
929 422 1188 492 Ἰωάννης
1218 431 1450 494 προσῆν,
1488 427 1672 478 πείθει
1702 425 1801 477 τὸν

118 512 294 579 δῆμον
326 513 635 581 εἰσαφεῖναι
667 513 766 566 τὸν
790 515 1021 582 Σίμωνα
1046 515 1281 582 βοηθόν,
1314 510 1481 566 οὐδὲν
1513 514 1638 566 οὔτε
1670 531 1802 582 προ-

70 620 91 653 5
118 598 460 668 συνθέμενος
484 600 609 653 οὔτε
633 602 1017 670 προσδοκήσας
1047 605 1265 670 φαῦλον
1298 599 1350 664 ἐξ
1385 600 1570 654 αὐτοῦ.
1620 601 1803 669 <529>

114 688 412 758 παρελθὼν
455 687 504 741 δ’
542 687 752 751 ἐκεῖνος
791 690 865 752 ὡς
904 689 1165 758 ἐκράτησε
1204 696 1299 757 τῆς
1329 691 1555 755 πόλεως,
1597 689 1802 758 ἐχθρὸν

116 775 175 829 ἐν
224 781 324 848 ἴσῳ
370 786 485 839 τοῖς
531 778 719 840 ἄλλοις
764 778 948 846 ἡγεῖτο
996 776 1090 831 καὶ
1136 779 1234 831 τὸν
1273 775 1412 846 ὑπὲρ
1455 777 1628 831 αὐτοῦ
1668 778 1804 846 σύμ-

114 868 322 934 βουλον
395 865 469 927 ὡς
530 864 599 918 ἂν
662 864 715 930 ἐξ
780 865 1084 934 ἁπλότητος
1147 864 1534 935 γεγενημένον.
1620 863 1804 933 <530>

115 952 358 1023 ἀχθέντα
415 950 475 1005 δὲ
530 962 828 1022 τηνικαῦτα
883 953 975 1007 καὶ
1035 955 1520 1024 κατηγορούμενον
1575 954 1640 1006 τὰ
1694 961 1804 1006 τῶν

50 1063 93 1094 10
110 1040 390 1110 Ῥωμαίων
430 1052 665 1111 φρονεῖν
703 1046 1017 1110 κατακρίνει
1056 1040 1156 1111 μὲν
1195 1043 1451 1116 θανάτῳ,
1498 1039 1623 1111 μηδ’
1672 1040 1805 1095 ἀπο-

115 1132 303 1197 λογίας
334 1129 587 1196 ἀξιώσας,
620 1133 726 1184 σὺν
757 1129 937 1201 τρισὶν
968 1132 1111 1194 υίοῖς
1143 1129 1197 1202 (ὁ
1231 1131 1336 1201 γὰρ
1369 1129 1623 1199 τέταρτος
1654 1131 1803 1199 ἔφθη

115 1219 346 1288 διαδρὰς
383 1221 520 1289 πρὸς
567 1219 786 1288 Τίτον),
840 1220 1154 1274 ἱκετεύοντα
1198 1217 1247 1272 δ’
1286 1219 1655 1287 ἀναιρεθῆναι
1697 1219 1804 1285 πρὸ

114 1315 227 1360 τῶν
258 1306 489 1375 τέκνων,
523 1306 615 1361 καὶ
645 1309 851 1376 ταύτην
884 1310 1213 1378 αἰτούμενον
1245 1309 1346 1377 τὴν
1370 1308 1532 1379 χάριν
1564 1305 1692 1360 ἀνθ’
1728 1302 1806 1359 ὧν

114 1395 387 1460 ἀνοίξειεν
427 1396 574 1468 αὐτῷ
615 1398 716 1465 τὴν
755 1399 940 1466 πόλιν,
983 1402 1297 1451 τελευταῖον
1337 1395 1555 1450 ἀνελεῖν
1595 1394 1807 1448 ἐκέλευ-

47 1504 90 1536 15
114 1499 226 1538 σεν.
288 1485 472 1554 <531>
513 1485 541 1538 ὃ
575 1482 678 1554 μὲν
711 1481 814 1539 οὖν
854 1485 914 1539 ἐν
956 1487 1079 1550 ὄψει
1121 1490 1486 1554 φονευθεῖσιν
1513 1483 1806 1554 ἐπεσφάγη

114 1582 228 1635 τοῖς
265 1576 484 1641 παισίν,
531 1572 760 1643 ἀντικρὺ
800 1572 1082 1643 Ῥωμαίων
1128 1576 1451 1644 προαχθείς·
1516 1573 1659 1627 οὕτω
1700 1573 1806 1641 γὰρ

114 1661 143 1715 ὁ
176 1665 374 1731 Σίμων
400 1659 611 1735 Ἀνάνῳ
650 1670 726 1734 τῷ
767 1663 1035 1732 Βαμάδου
1073 1661 1432 1733 προσέταξεν,
1472 1661 1531 1724 ὃς
1561 1658 1632 1730 ἧν
1666 1661 1808 1730 ὠμό-

112 1769 271 1813 τατος
318 1750 464 1823 αὐτῷ
511 1760 624 1804 τῶν
674 1752 1036 1821 δορυφόρων,
1085 1751 1611 1820 ἐπειρωνευόμενος,
1659 1755 1716 1803 εἴ
1755 1769 1809 1802 τι

112 1841 497 1908 βοηθήσουσιν
537 1839 684 1911 αὐτῷ
723 1841 861 1910 πρὸς
900 1840 999 1903 οὓς
1038 1839 1285 1904 ἐξελθεῖν
1317 1840 1509 1893 εἵλετο.
1570 1838 1808 1892 θάπτειν

9 1940 89 1981 ‘20
114 1925 167 1980 δ’
204 1926 397 1981 ἀπεῖπε
435 1928 502 1981 τὰ
542 1928 780 1997 σώματα.
851 1927 1035 1998 <532>
1075 1929 1208 1998 μετὰ
1247 1929 1496 1991 τούτους·
1520 1927 1698 1996 ἱερεύς
1728 1946 1810 1990 τις

11 2078 15 2080 V
108 2011 364 2079 ’Λνανίας
394 2017 516 2080 υίὸς
543 2018 934 2086 Μασαμβάλου
967 2027 1079 2070 τῶν
1113 2017 1413 2085 ἐπισήμων,
1451 2014 1543 2069 καὶ
1576 2016 1605 2070 ὁ
1638 2035 1809 2086 γραμ-

112 2107 314 2173 ματεὺς
352 2112 448 2174 τῆς
485 2108 691 2174 βουλῆς
723 2103 1029 2176 Ἀριστεύς,
1079 2104 1240 2174 γένος
1280 2105 1334 2169 ἐξ
1368 2103 1672 2174 Ἀμμαοῦς,
1718 2101 1810 2156 καὶ

19 2267 24 2271 „
112 2195 219 2246 σὺν
271 2194 492 2257 τούτοις
544 2195 935 2248 πεντεκαίδεκα
982 2203 1092 2248 τῶν
1141 2193 1246 2248 ἀπὸ
1294 2200 1395 2247 τοῦ
1446 2195 1628 2263 δήμου
1676 2197 1810 2261 λαμ-

110 2290 295 2350 πρῶν,
342 2281 718 2350 ἀναιροῦνται.
797 2283 980 2352 <533>
1026 2284 1125 2337 τὸν
1165 2279 1227 2336 δὲ
1265 2290 1366 2336 τοῦ
1401 2280 1669 2351 Ἰωσήπου
1707 2299 1809 2333 πα-

43 2388 87 2422 25
111 2370 242 2440 τέρα
281 2373 706 2439 συγκλείσαντες
746 2370 1080 2440 ἐφύλαττον,
1122 2371 1456 2441 κηρύττουσι
1496 2366 1559 2422 δὲ
1597 2368 1810 2438 μηδένα

110 2468 222 2512 τῶν
261 2460 397 2512 κατὰ
443 2461 546 2529 τὴν
591 2461 756 2512 πόλιν
810 2461 943 2528 μήτε
985 2463 1308 2529 συνομιλεῖν
1348 2455 1466 2528 μήτ’
1517 2456 1604 2511 ἐπὶ
1642 2457 1808 2510 ταύτὸ

113 2549 607 2616 συναθροίζεσθαι,
641 2545 754 2600 δέει
785 2549 1106 2617 προδοσίας,
1141 2545 1233 2600 καὶ
1263 2549 1394 2609 τοὺς
1426 2550 1810 2616 συνολοφυρο-

110 2634 313 2703 μένους
351 2637 459 2705 πρὸ
500 2635 792 2699 ἐξετάσεως
831 2633 1095 2707 ἀνῄρουν.

140 2774 143 2777 .
221 2722 404 2792 <534>
442 2719 606 2778 ταῦθ’
653 2724 802 2795 ὁρῶν
842 2722 1058 2794 Ἰούδης
1103 2745 1185 2788 τις
1230 2726 1352 2788 υίὸς
1392 2723 1644 2791 Ἰούδου,
1696 2732 1808 2777 τῶν
1840 2738 1867 2777 2

7 2866 11 2874 „
38 2826 84 2864 ao
107 2809 373 2880 ὑπάρχων
411 2821 512 2866 τοῦ
552 2815 813 2882 Σίμωνος
859 2805 939 2876 εἷς
989 2814 1068 2867 ὢν
1107 2811 1199 2867 καὶ
1238 2811 1670 2882 πεπιστευμένος
1709 2809 1802 2865 ὑπ’

2 2898 13 2959 ζ
107 2899 281 2953 αὐτοῦ
319 2901 538 2971 πύργον
577 2901 910 2971 φυλάττειν,
949 2901 1086 2972 τάχα
1127 2900 1228 2971 μέν
1268 2922 1320 2954 τι
1360 2899 1452 2954 καὶ
1493 2906 1657 2975 οἴκτῳ
1697 2909 1810 2953 τῶν
