2032 3128
0 0 3 117 Ι
39 46 41 48 ’
705 79 915 121 ΛΟΓΟΣ
946 80 1248 122 ΠΕΜΠΤΟΣ
1749 79 1820 132 39

138 211 500 281 δυναμένους,
540 206 582 283 ᾧ
622 213 1106 266 κατεκαλύπτοντο.
1176 212 1358 282 <298>
1398 215 1721 283 τρεπόμενοι
1762 209 1812 266 δ’

137 299 377 370 ἐξωτέρω
425 297 621 368 βέλους
667 295 848 353 οὐκέτ’
879 299 1123 354 ἐκώλυον
1160 310 1272 353 τῶν
1311 310 1483 368 κριῶν
1522 302 1618 364 τὰς
1657 301 1822 370 ἐμβο-

136 389 259 455 λάς,
329 391 387 440 οἳ
451 387 811 451 ἀδιαλείπτως
878 391 1132 451 παίοντες
1199 390 1376 456 ἤνυον
1435 387 1554 442 κατ’
1613 389 1820 458 ὀλίγον.

137 478 318 545 <299>
378 477 483 544 ἤδη
539 473 600 528 δὲ
654 477 728 547 τῷ
782 479 1002 530 Νίκωνι
1063 484 1163 534 τοῦ
1225 479 1439 547 τείχους
1500 476 1821 541 ἐνδιδόντος

89 587 111 619 5
137 563 317 635 (αὐτοὶ
378 566 483 634 γὰρ
545 572 707 618 τοῦτο
764 563 1024 618 Ἰουδαῖοι
1084 566 1186 633 τὴν
1240 568 1502 634 μεγίστην
1556 565 1820 619 ἐκάλεσαν

128 652 405 722 Ῥωμαίων
445 650 696 706 ἑλέπολιν
736 652 842 707 ἀπὸ
881 661 981 706 τοῦ
1027 654 1205 707 πάντα
1247 651 1460 724 νικᾶν),
1507 653 1820 723 ἀπέκαμνον

133 739 234 810 μὲν
272 742 440 795 πάλαι
486 744 624 811 πρός
670 761 727 794 τε
766 742 862 805 τὰς
907 742 1079 811 μάχας
1126 740 1217 794 καὶ
1263 743 1358 804 τὰς
1395 743 1643 811 φυλακὰς
1687 746 1821 809 πόρ-

133 835 319 898 ρωθεν
357 837 453 898 τῆς
489 832 700 892 πόλεως
740 831 1279 900 διανυκτερεύοντες,
1325 831 1508 900 <300>
1547 831 1726 893 ἄλλως
1766 830 1811 883 δ’

131 919 238 972 ὑπὸ
279 919 562 990 ῥᾳστώνης
602 916 692 971 καὶ
731 927 830 972 τοῦ
869 919 1242 987 βουλεύεσθαι
1283 920 1462 972 πάντα
1507 927 1684 980 κακῶς
1728 937 1820 971 πε-

60 1028 107 1060 10
132 1009 317 1074 ριττὸν
357 1007 546 1070 αὐτοῖς
594 1007 762 1072 δόξαν
801 1007 1099 1077 φυλάττειν
1137 1009 1199 1061 τὸ
1239 1016 1416 1078 τεῖχος
1459 1005 1660 1077 ἑτέρων
1699 1005 1811 1075 μετ’

131 1095 264 1148 αὐτὸ
322 1095 664 1164 λειπομένων
717 1096 847 1163 δύο,
905 1094 1337 1165 μαλακισθέντες
1394 1096 1711 1165 ἀνεχώρουν
1768 1096 1828 1148 οἱ

128 1186 340 1237 πολλοί.
417 1185 598 1253 <301>
645 1183 736 1237 καὶ
782 1194 893 1238 τῶν
933 1183 1213 1253 Ῥωμαίων
1263 1184 1573 1255 ἐπιβάντων
1619 1183 1743 1237 καθ’
1787 1184 1821 1237 ἃ

128 1271 467 1343 παρέρρηξεν
495 1273 523 1327 ὁ
549 1276 765 1342 Νίκων,
796 1276 1187 1337 καταλιπόντες
1216 1274 1312 1336 τὰς
1342 1274 1592 1342 φυλακὰς
1621 1274 1822 1336 πάντες

130 1363 207 1423 εἰς
245 1363 306 1414 τὸ
348 1362 612 1428 δεύτερον
651 1370 828 1430 τεῖχος
867 1360 1297 1431 ἀναφεύγουσιν.
1374 1363 1431 1414 οἳ
1467 1359 1515 1414 δ’
1547 1360 1821 1431 ὑπερβάν-

59 1470 104 1504 15
128 1469 239 1518 τες,
299 1451 395 1512 τὰς
455 1451 633 1512 πύλας
686 1449 1027 1517 ἀνοίξαντες,
1089 1458 1272 1503 πᾶσαν
1327 1446 1666 1520 εἰσδέχονται
1720 1451 1821 1518 τὴν

128 1539 404 1608 στρατιάν.

236 1626 420 1695 <302>
458 1625 550 1679 καὶ
590 1625 844 1695 Ῥωμαῖοι
884 1624 984 1696 μὲν
1025 1627 1168 1680 οὕτω
1208 1635 1308 1680 τοῦ
1347 1628 1569 1696 πρώτου
1608 1630 1822 1698 τείχους

125 1716 581 1787 πεντεκαιδεκάτῃ
625 1718 994 1786 κρατήσαντες
1031 1714 1206 1787 ἡμέρα
1246 1714 1479 1787 (ἑβδόμη
1522 1712 1572 1768 δ’
1598 1713 1669 1784 ἧν
1702 1713 1822 1786 Ἀρ-

126 1808 373 1874 τεμισίου
413 1802 609 1874 μηνός)
650 1804 822 1858 αὐτοῦ
862 1824 919 1857 τε
957 1807 1100 1858 πολὺ
1140 1805 1582 1857 κατασκάπτουσι
1625 1803 1717 1858 καὶ
1755 1806 1822 1858 τά

10 1938 15 1940 .
59 1915 104 1948 20
126 1894 467 1962 προσάρκτια
527 1901 624 1962 τῆς
685 1896 922 1962 πόλεως,
991 1893 1025 1946 ἃ
1086 1891 1196 1957 καὶΠ
1238 1896 1509 1963 πρότερον
1564 1892 1821 1956 Κέστιος·

126 1983 308 2050 <303>
364 1983 987 2051 μεταστρατοπεδεύεται
1043 1979 1105 2034 δὲ
1160 1985 1316 2044 Τίτος
1370 1983 1477 2035 ἔσω
1531 1983 1667 2035 κατὰ
1720 1984 1821 2051 τὴν

115 2063 427 2141 Ἀσσυρίων
480 2072 840 2142 παρεμβολὴν
886 2069 1252 2140 καλουμένην,
1310 2070 1549 2140 ἐπισχὼν
1598 2078 1709 2124 πᾶν
1759 2073 1821 2125 τὸ

124 2158 324 2228 μεταξὺ
380 2158 539 2230 μέχρι
593 2167 692 2213 τοῦ
743 2161 1069 2228 Κεδρῶνος,
1124 2159 1230 2212 ἀπὸ
1286 2156 1348 2212 δὲ
1402 2168 1502 2214 τοῦ
1557 2159 1821 2229 δευτέρου

124 2251 337 2318 τείχους
377 2248 512 2302 ὅσον
553 2247 796 2319 ἐξωτέρω
836 2247 1035 2317 βέλους
1075 2244 1218 2301 εἶναι
1256 2249 1572 2317 προσβολὰς
1610 2248 1822 2311 εὐθέως

52 2358 100 2393 ,25
126 2336 374 2391 ἐποιεῖτο.
454 2337 637 2406 <304>
676 2336 1034 2407 μερισθέντες
1074 2335 1119 2390 δ’
1156 2338 1215 2391 οἱ
1246 2335 1508 2390 Ἰουδαῖοι
1547 2346 1822 2405 καρτερῶς

124 2425 483 2494 ἀπημύναντο
539 2434 638 2479 τοῦ
692 2429 936 2495 τείχους,
991 2427 1049 2479 οἰ
1095 2423 1197 2495 μὲν
1242 2424 1369 2495 περὶ
1415 2428 1514 2480 τὸν
1554 2424 1821 2495 Ἰωάννην

123 2514 231 2567 ἀπό
270 2534 326 2567 τε
365 2522 460 2583 τῆς
495 2513 790 2578 Ἀντωνίας
836 2514 928 2568 καὶ
966 2522 1061 2583 τῆς
1106 2517 1479 2586 προσαρκτίου
1520 2521 1684 2576 στοᾶς
1721 2521 1821 2567 τοῦ

124 2604 279 2671 ἱεροῦ
326 2601 416 2656 καὶ
463 2606 570 2674 πρὸ
618 2614 729 2657 τῶν
770 2602 1137 2674 Ἀλεξάνδρου
1177 2611 1277 2657 τοῦ
1324 2602 1592 2672 βασιλέως
1638 2602 1822 2656 αὐτῶν

122 2694 406 2760 μνημείων
452 2695 782 2762 μαχόμενοι,
828 2694 889 2746 τὸ
938 2689 1001 2745 δὲ
1046 2701 1146 2746 τοῦ
1186 2696 1446 2761 Σίμωνος
1490 2693 1668 2761 τάγμα
1719 2693 1823 2760 τὴν

53 2801 98 2832 3ο
123 2769 269 2850 παρὰ
323 2782 385 2834 τὸ
435 2778 700 2835 Ἰωάννου
755 2790 856 2835 τοῦ
910 2780 1206 2852 ἀρχιερέως
1258 2790 1529 2850 μνημεῖον
1580 2780 1824 2850 ἐμβολὴν

124 2869 481 2938 διαλαβόντες
521 2869 828 2940 ἐφράξαντο
869 2869 1028 2941 μέχρι
1073 2872 1251 2939 πύλης
1297 2869 1425 2922 καθ’
1455 2869 1526 2938 ἣν
1563 2871 1627 2922 τὸ
1666 2869 1822 2939 ὕδωρ
