2032 3128
676 109 886 151 ΛΟΓΟΣ
917 110 1233 151 ΔΕΥΤΕΡΟΣ
1684 107 1792 158 287

118 256 231 308 σιν,
294 242 394 310 οὐχ
457 241 852 309 ὁμολογοῦσιν,
912 241 1093 311 <275>
1146 242 1285 294 ἀλλὰ
1342 241 1433 295 καὶ
1487 244 1614 304 τοὺς
1667 239 1793 307 περὶ

115 329 296 382 αὐτῶν
336 331 542 398 νόμους
587 329 956 398 ἀπόμνυνται,
1000 333 1265 383 τοσοῦτόν
1312 349 1440 383 ποτε
1490 331 1635 398 παρὰ
1681 338 1795 391 τοῖς

115 416 379 486 “Έλλησιν
405 418 732 486 ἰσχύσαντας
765 419 901 471 ὥστε
932 417 1023 471 καὶ
1054 428 1168 481 τοῖς
1198 424 1352 482 θεοῖς
1382 419 1477 481 τὰς
1501 428 1612 471 τῶν
1636 417 1794 488 ἀρρέ-

114 526 229 558 νων
266 505 440 574 μίξεις
479 505 838 575 ἐπεφήμισαν,
877 508 1012 559 κατὰ
1050 508 1148 560 τὸν
1187 507 1357 560 αὐτὸν
1398 504 1458 560 δὲ
1498 509 1667 574 λόγον
1704 504 1794 558 καὶ

68 617 88 648 5
112 596 241 656 τοὺς
279 603 390 646 τῶν
429 597 673 663 γνησίων
704 594 963 664 ἀδελφῶν
995 595 1218 664 γάμους,
1257 597 1460 664 ταύτην
1491 594 1794 662 ἀπολογίαν

113 682 301 744 αὑτοῖς
324 691 434 735 τῶν
455 681 673 735 ἀτόπων
697 681 788 735 καὶ
811 684 958 753 παρὰ
981 685 1154 752 φύσιν
1175 683 1395 751 ἡδονῶν
1417 681 1792 747 συντιθέντες;

222 771 405 838 <276>
459 770 529 823 ἐῶ
583 778 690 823 νῦν
740 770 864 840 περὶ
917 781 1029 824 τῶν
1082 781 1360 840 τιμωριῶν
1409 770 1609 840 λέγειν,
1664 772 1794 833 ὅσας
1826 784 1883 823 38

110 856 211 927 μὲν
243 858 299 923 ἐξ,
330 858 498 928 ἀρχῆς
529 859 732 912 ἔδοσαν
764 860 824 912 oc
856 863 1102 912 πλεῖστοι
1140 859 1442 928 νομοθέται
1472 869 1587 921 τοῖς
1624 877 1794 925 πονη-

110 957 227 1015 ροῖς
259 947 558 1014 διαδύσεις,
598 945 685 999 ἐπὶ
721 950 966 1016 μοιχείας
1001 944 1101 1018 μὲν
1136 950 1322 1016 ζημίας
1354 947 1665 1017 χρημάτων,
1705 945 1792 999 ἐπὶ

41 1056 84 1087 10
107 1041 327 1104 φθορᾶς
366 1032 428 1087 δὲ
467 1036 677 1104 γάμους
719 1038 1216 1104 νομοθετήσαντες,
1264 1036 1396 1098 ὅσας
1435 1033 1497 1089 δὲ
1534 1033 1659 1104 περὶ
1698 1042 1793 1102 τῆς

107 1123 359 1192 ἀσεβείας
396 1124 700 1194 προφάσεις
738 1123 1089 1194 περιέχουσιν
1129 1123 1434 1194 ἀρνήσεως,
1480 1126 1532 1177 ει’
1574 1127 1672 1177 καί
1712 1144 1793 1185 τις

107 1213 499 1282 ἐπιχειρήσειεν
548 1212 826 1276 ἐξετάζειν.
902 1214 1008 1282 ἤδη
1063 1214 1168 1281 γὰρ
1218 1214 1363 1282 παρὰ
1410 1222 1525 1275 τοῖς
1575 1215 1792 1265 πλείοσι

106 1300 298 1369 μελέτη
348 1300 540 1368 γέγονε
586 1308 686 1353 τοῦ
732 1303 1097 1369 παραβαίνειν
1136 1304 1265 1363 τοὺς
1311 1304 1533 1369 νόμους.
1609 1301 1790 1369 <277>

106 1388 173 1441 οὐ
212 1390 320 1457 μὴν
360 1387 451 1442 καὶ
489 1386 615 1458 παρ’
651 1388 802 1458 ἡμῖν,
842 1389 979 1442 ἀλλὰ
1017 1389 1122 1442 κᾶν
1161 1391 1405 1443 πλούτου
1432 1388 1535 1445 καὶ
1573 1392 1791 1443 πόλεων

39 1496 80 1527 15
104 1475 194 1529 καὶ
248 1486 359 1530 τῶν
405 1478 589 1530 ἄλλων
643 1477 874 1545 ἀγαθῶν
922 1483 1297 1547 στερηθῶμεν,
1352 1478 1381 1531 ὁ
1437 1485 1576 1546 γοῦν
1621 1480 1792 1547 νόμος

105 1566 237 1634 ἡμῖν
286 1566 567 1627 ἀθάνατος
620 1565 894 1634 διαμένει·
950 1564 1040 1618 καὶ
1095 1564 1280 1628 οὐδεὶς
1328 1564 1617 1620 Ἰουδαίων
1664 1567 1790 1620 οὔτε

103 1655 318 1722 μακρὰν
357 1654 532 1716 οὕτως
577 1654 647 1707 ἂν
686 1653 920 1707 ἀπέλθοι
967 1662 1063 1722 τῆς
1109 1656 1373 1719 πατρίδος
1420 1656 1546 1708 οὔτε
1591 1657 1790 1723 πικρὸν

100 1744 402 1811 φοβήσεται
443 1744 713 1810 δεσπότην
753 1743 826 1805 ὡς
873 1744 946 1811 μὴ
993 1745 1100 1811 πρὸ
1147 1742 1364 1796 ἐκείνου
1405 1743 1647 1796 δεδιέναι
1692 1745 1789 1796 τὸν

100 1834 292 1900 νόμον.
361 1830 542 1899 (278)
582 1833 634 1883 ει’
669 1828 771 1900 μὲν
811 1827 915 1884 οὖν
948 1833 1040 1883 διὰ
1078 1833 1180 1900 τὴν
1212 1831 1412 1901 ἀρετὴν
1450 1841 1561 1885 τῶν
1599 1835 1789 1901 νόμων

34 1936 77 1967 20
102 1921 245 1973 οὕτω
299 1922 436 1986 πρὸς
488 1920 690 1982 αὐτοὺς
737 1921 1091 1989 διακείμεθα,
1147 1921 1657 1990 συγχωρησάτωσαν
1705 1921 1789 1974 ὅτι

100 2013 423 2077 κρατίστους
462 2011 657 2078 ἔχομεν
695 2011 929 2077 νόμους·
973 2010 1025 2061 εἰ
1063 2007 1123 2061 δὲ
1162 2010 1399 2078 φαύλοις
1438 2009 1612 2072 οὕτως
1649 2010 1790 2079 ἡμᾶς

100 2096 354 2165 ἐμμένειν
407 2096 893 2166 ὑπολαμβάνουσι,
953 2100 1011 2150 τί
1062 2098 1162 2150 οὐκ
1220 2096 1290 2150 ἂν
1343 2096 1502 2151 αὐτοὶ
1565 2100 1789 2161 δικαίως

96 2186 335 2239 πάθοιεν
373 2189 503 2248 τοὺς
540 2190 854 2255 κρείττονας
893 2187 959 2239 οὐ
999 2188 1397 2256 φυλάττοντες,
1447 2187 1630 2255 <279>
1671 2185 1786 2239 ἐπεὶ

96 2279 288 2328 τοίνυν
330 2275 358 2328 ὁ
398 2277 572 2336 πολὺς
609 2278 808 2344 χρόνος
847 2275 1158 2337 πιστεύεται
1195 2275 1421 2328 πάντων
1453 2271 1597 2328 εἶναι
1638 2277 1786 2329 δοκι-

30 2379 71 2411 25
96 2364 300 2431 μαστὴς
340 2362 740 2432 ἀληθέστατος,
777 2372 979 2417 τοῦτον
1019 2363 1087 2417 ἂν
1126 2367 1463 2432 ποιησαίμην
1503 2363 1610 2432 ἐγὼ
1651 2365 1786 2433 μάρ-

94 2472 231 2520 τυρα
277 2460 372 2520 τῆς
422 2451 614 2520 ἀρετῆς
667 2452 824 2520 ἡμῶν
870 2460 970 2505 τοῦ
1024 2451 1335 2520 νομοθέτου
1390 2450 1481 2505 καὶ
1536 2461 1630 2521 τῆς
1683 2451 1779 2506 ὑπ’

94 2540 308 2594 ἐκείνου
348 2543 532 2609 φήμης
570 2539 696 2609 περὶ
735 2549 836 2593 τοῦ
874 2546 1015 2594 θεοῦ
1055 2542 1483 2608 παραδοθείσης.
1554 2541 1785 2611 ἀπείρου

93 2629 196 2695 γὰρ
237 2637 336 2682 τοῦ
382 2632 592 2699 χρόνου
639 2632 957 2697 γεγονότος,
1004 2634 1061 2682 εἴ
1102 2650 1185 2692 τις
1231 2629 1402 2683 αὐτὸν
1441 2631 1785 2699 παραβάλλοι

90 2727 208 2779 ταῖς
244 2727 356 2770 τῶν
396 2719 582 2771 ἄλλων
621 2718 859 2786 ἡλικίαις
897 2723 1242 2787 νομοθετῶν,
1279 2719 1428 2785 παρὰ
1467 2719 1677 2781 πάντας
1714 2718 1784 2772 ἂν

25 2821 68 2853 30
92 2805 246 2875 εὕροι
286 2813 501 2860 τοῦτον.

203 2894 384 2964 <28Ο>
414 2891 510 2965 ὑφ’
532 2896 689 2964 ἡμῶν
717 2915 773 2948 τε
808 2894 1219 2965 διηλέγχθησαν
1246 2897 1304 2949 οἱ
1331 2899 1514 2965 νόμοι,
1546 2895 1637 2949 καὶ
1669 2907 1783 2959 τοῖς
1815 2912 1870 2951 39
