2032 3128
564 118 803 159 CONTRA
833 118 1100 160 APIONEM
1131 119 1244 162 Lm.
1268 119 1328 161 11.
1678 114 1786 168 253

110 250 175 302 ad
215 268 396 303 omnes
436 251 749 318 impetrasse
787 253 1094 303 noscuntur.
1163 251 1305 319 <72>
1342 269 1467 304 nam
1500 250 1786 321 Aegyptiis

108 357 280 407 neque
324 355 511 407 regum
566 339 849 407 quisquam
894 339 1104 392 videtur
1151 340 1239 408 jus
1294 339 1569 392 civilitatis
1622 339 1788 392 fuisse

109 428 354 497 largit-US,
390 445 562 495 neque
591 445 733 480 nune
765 427 993 496 quilibet
1027 427 1425 496 imperatorum.
1479 446 1578 480 nos
1611 431 1788 480 autem

107 515 407 568 Alexander
469 516 682 584 quidem
742 514 1066 586 introduxit,
1126 533 1278 586 reges
1339 519 1519 568 autem
1579 534 1789 585 auxere,

64 625 84 657 5
107 603 335 656 Romani
370 623 494 657 vero
529 622 735 673 semper
766 603 1033 656 custodire
1064 604 1272 674 dignati
1310 608 1449 657 sunt.
1510 605 1576 672 <7
1583 606 1654 672 3>
1692 605 1788 657 ita-

109 711 211 761 que
251 693 506 762 derogare
551 692 709 744 nobis
748 691 929 760 Apion
974 695 1197 744 conatus
1245 695 1352 763 est,
1397 691 1524 761 quia
1567 693 1789 761 impera-

107 785 288 834 torum
346 799 456 833 non
511 783 810 833 statuamus
873 781 1156 850 imagines,
1215 784 1474 849 tanquam
1526 780 1634 832 illis
1688 780 1790 833 hoo

108 869 483 939 ignorantibus
508 871 601 920 aut
625 869 929 921 defensione
952 867 1180 936 Apionis
1203 869 1591 939 indigentibus;
1626 887 1791 937 quum

106 958 289 1026 potius
329 957 574 1009 debuerit
621 957 872 1009 admirari
918 957 1417 1027 magnanimitatem
1462 957 1791 1009 mediocrita-

41 1066 83 1097 ιο
107 1049 323 1114 temque
368 1045 756 1116 Romanorum,
810 1047 1063 1113 quoniam
1118 1045 1386 1114 subjectos
1436 1063 1547 1106 non
1591 1049 1791 1115 cogunt

107 1134 283 1203 patria
324 1135 445 1202 jura
483 1134 871 1204 transcendere,
914 1133 1006 1186 sed
1045 1133 1344 1202 suscipiunt
1381 1133 1612 1187 honores
1653 1135 1792 1186 siout

11 1284 14 1286 Α
107 1223 230 1275 dare
270 1223 551 1275 offerentes
598 1223 747 1291 pium
791 1225 952 1290 atque
990 1222 1294 1291 legitimum
1332 1226 1426 1274 est.
1501 1240 1613 1275 non
1650 1223 1792 1275 enim

89 1310 403 1371 >honoribus
450 1312 680 1381 gratiam
724 1311 925 1363 habent
972 1310 1064 1379 qui
1110 1329 1174 1362 ex
1220 1311 1537 1363 necessitate
1583 1314 1637 1363 et
1683 1311 1788 1363 vio-

106 1400 273 1452 lentia
304 1401 663 1453 conferuntur.
712 1400 857 1467 <74>
882 1397 1097 1451 Graecis
1130 1399 1313 1468 itaque
1344 1402 1398 1451 et
1430 1399 1550 1451 aliis
1576 1399 1792 1468 quibus-

40 1509 81 1541 15
106 1488 229 1540 dam
260 1489 462 1541 bonum
494 1507 609 1541 esse
640 1489 872 1541 ereditur
904 1488 1163 1557 imagines
1200 1487 1496 1540 instituere.
1568 1487 1793 1556 denique

106 1579 159 1628 et
198 1580 415 1645 patrum
456 1579 508 1629 et
546 1595 775 1629 uxorum
820 1576 1160 1644 filiorumque
1206 1576 1407 1646 figuras
1446 1575 1792 1645 depingentes

107 1665 398 1734 exsultant,
438 1665 654 1734 quidam
691 1683 816 1717 vero
857 1666 1019 1717 etiam
1056 1664 1194 1717 nihil
1235 1664 1339 1716 sibi
1378 1665 1793 1732 competentium

108 1757 327 1805 sumunt
374 1754 650 1823 imagines,
727 1754 820 1806 alii
858 1772 983 1806 vero
1032 1756 1085 1805 et
1132 1771 1313 1805 servos
1361 1752 1645 1822 diligentes
1691 1753 1794 1805 hoe

105 1842 324 1893 faciunt.
388 1841 517 1910 quid
555 1859 682 1911 ergo
715 1842 912 1894 mirum
952 1845 1033 1894 est
1074 1841 1120 1893 si
1159 1842 1322 1893 etiam
1360 1841 1693 1909 principibus
1733 1859 1794 1893 ae

14 1946 19 1949 ’
41 1952 85 1984 20
108 1930 340 1982 dominis
371 1929 514 1982 hune
536 1930 795 1983 honorem
826 1930 1080 1999 praebere
1102 1929 1420 1982 videantur?
1463 1929 1608 1998 (75)
1631 1947 1792 1998 porro

106 2021 291 2071 noster
336 2018 637 2090 legislator,
689 2037 800 2072 non
846 2019 1000 2088 quasi
1053 2018 1381 2087 prophetans
1426 2017 1794 2070 Romanorum

107 2107 408 2175 potentiam
443 2126 556 2160 non
592 2108 983 2179 honorandam,
1029 2107 1120 2159 sed
1161 2110 1418 2175 tanquam
1457 2124 1671 2159 eausam
1707 2124 1794 2158 ne·

110 2214 212 2264 que
258 2195 354 2247 deo
401 2214 573 2264 neque
617 2196 927 2249 hominibus
974 2195 1163 2247 utilem
1210 2195 1528 2266 despicienS,
1573 2198 1627 2247 et
1667 2213 1794 2263 quo-

107 2285 254 2336 niam
291 2284 462 2336 totius
502 2285 747 2355 animati,
788 2284 961 2336 multo
999 2284 1171 2353 magis
1211 2283 1296 2335 dei
1333 2283 1637 2354 inanimati,
1675 2302 1795 2352 pro-

42 2395 85 2427 25
108 2373 270 2425 batur
301 2373 537 2440 inferius,
569 2372 848 2425 interdixit
878 2373 1137 2442 imagines
1170 2372 1437 2424 fabricari.
1493 2372 1637 2440 <76>
1673 2372 1793 2424 aliis

109 2464 290 2514 autem
342 2461 638 2513 honoribus
692 2465 818 2530 post
864 2461 1020 2513 deum
1066 2460 1314 2513 colendos
1359 2479 1469 2513 non
1514 2460 1795 2529 prohibuit

110 2550 255 2602 viros
302 2550 473 2602 bonos
483 2595 496 2620 ,
547 2550 741 2619 quibus
787 2569 887 2603 nos
935 2552 989 2601 et
1035 2549 1385 2618 imperatores
1433 2552 1486 2601 et
1535 2548 1795 2617 populum

110 2638 415 2695 Romanum
439 2639 794 2709 dignitatibus
821 2638 1152 2707 ampliamus.
1198 2639 1264 2707 <7
1274 2639 1342 2707 7>
1364 2638 1589 2690 facimus
1615 2641 1795 2690 autem

110 2746 207 2795 pro
250 2727 324 2779 eis
367 2728 622 2780 continua
668 2727 948 2796 sacrifieia3
998 2730 1050 2779 et
1096 2745 1206 2779 non
1252 2726 1428 2779 solum
1468 2726 1794 2795 quotidianis

30 2829 89 2872 ,1⁸0
113 2816 300 2868 diebus
339 2835 403 2869 ex
441 2816 682 2885 impensa
720 2816 990 2868 communi
1029 2816 1267 2868 omnium
1297 2814 1626 2867 Judaeorum
1664 2814 1795 2867 talia

27 2924 29 2926 ·
112 2905 455 2975 celebramuS,
491 2924 675 2958 verum
716 2924 882 2974 quum
918 2904 1095 2957 nullas
1136 2904 1267 2957 alias
1306 2903 1514 2956 hostias
1554 2921 1618 2955 ex
1657 2921 1796 2956 eom-
