2032 3128
652 102 1004 147 ADNOTATIO
1037 103 1286 148 CRITICA.
1664 104 1811 148 XLHI

132 242 156 291 ξ
189 240 271 279 201
315 235 430 292 γυνὴ
470 234 522 279 δὲ
552 236 736 293 ’χεῖρον·
777 236 895 294 γυνὴ
934 233 1099 294 χείρων
1130 235 1297 281 Euseb.
1331 264 1386 269 —
1418 242 1443 291 ἓ
1475 241 1558 280 201
1599 236 1808 281 ἅπαντα·

130 308 316 365 ἀπάτην
347 308 514 352 Euseb.
540 309 674 353 codd.
698 309 806 366 BG,
838 309 896 353 τὰ
927 308 1083 353 πάντα
1114 310 1194 353 καὶ
1223 309 1252 366 ἡ
1283 308 1487 367 πονηρία
1518 311 1662 354 αὐτοῦ
1693 309 1809 366 ὑπὲρ

130 383 430 440 ἀγαθοποιοΰ
470 380 694 440 γυναικός
735 383 793 439 L,
833 382 1056 427 Piizhoeus
1097 383 1276 427 confert
1313 384 1455 428 Sirac.
1495 384 1619 427 XLH
1652 389 1719 427 14.
1753 410 1809 416 --

133 461 158 510 ἓ
183 461 265 499 201
301 454 458 514 ὕβριν·
498 454 640 500 ταῦθ’
677 454 909 514 ἡγουμένη
943 456 1049 500 add.
1083 456 1132 500 L.
1160 483 1214 489 —
1247 463 1272 510 ξ
1297 462 1380 500 201
1413 456 1552 517 μόνῃ·
1588 456 1733 514 μόνον
1756 457 1807 502 L.

130 555 185 561 —-
218 535 242 583 ξ
275 534 357 572 201
391 527 839 586 προωμολογημένην
868 528 964 585 Ns„
996 527 1472 587 προσωμολογημένην
1502 530 1551 574 L.
1587 557 1641 563 —
1673 536 1698 585 ξ
1722 535 1808 574 202

125 601 266 647 τέκνα
298 630 353 635 —
387 602 654 647 ἐλαττοῦσα·
703 600 732 658 ἢ
779 609 1181 659 τεκνοτροφοῦσαν
1227 603 1414 647 ἅπαντα
1459 602 1739 659 προσέταξεν
1782 602 1807 647 ὃ

126 674 269 732 νόμος
307 677 386 720 καὶ
417 676 631 734 γυναιξὶν
661 675 860 720 ἀπεῖπεν
891 674 994 732 μητ’
1032 675 1341 734 ἀμφιβάλλειν
1370 675 1482 720 ποτὲ
1513 676 1564 720 ἔν
1592 693 1686 721 τινι
1716 684 1808 721 τῶν

125 751 270 794 αὐτοῦ
316 750 426 806 μήτε
466 747 768 806 διαφθείρειν
806 749 918 793 ἀλλὰ
957 756 1140 807 μηχανῇ
1178 766 1270 794 τινι
1308 747 1625 806 προσέπεσθαι
1663 750 1809 809 αὐτῷ·

123 822 426 874 τεκνοκτόνος
447 822 536 880 γὰρ
562 821 622 867 ἂν
646 822 717 879 εἴη
743 823 901 881 ψυχὴν
923 821 1216 879 ἀφανίζουσα
1239 825 1320 867 καὶ
1342 823 1394 868 τὸ
1412 821 1544 881 γένος
1559 823 1808 867 ἐλαττοῢσα

124 898 174 942 L.
209 924 263 930 —
297 904 321 952 ξ
353 902 437 941 202
472 894 630 954 λέχους
661 896 854 952 φθοράν
885 896 1071 952 Euseb.‚
1110 894 1238 954 λέχος
1267 895 1296 953 ἢ
1329 896 1523 954 φθοράν
1552 897 1610 953 L,
1650 899 1810 954 λεχοῦς

123 970 304 1027 σποράν
328 978 349 1016 ⁶?
379 971 458 1015 Nr.
494 998 549 1003 —
583 976 607 1025 g
639 975 724 1013 202
757 971 812 1014 οὗ
844 970 1043 1015 δύναται
1073 969 1102 1026 ἣ
1135 968 1215 1014 καί
1245 971 1303 1027 L,
1343 969 1445 1015 τότε
1475 969 1696 1026 προσήκει
1727 971 1808 1014 καὶ

124 1045 292 1090 Euseb.
327 1072 382 1077 —
415 1050 440 1099 ξ
473 1049 558 1087 203
597 1044 973 1088 ἀπολούσασθαι·
1016 1044 1335 1088 ἀπολούεσθαι
1372 1043 1540 1088 Euseb.
1575 1071 1629 1076 —
1662 1050 1688 1098 ξ
1720 1049 1806 1087 203

121 1118 293 1163 κελεύει
325 1118 349 1163 ὁ
383 1117 524 1175 νόμος
556 1118 662 1162 add.
687 1118 737 1162 L.
764 1145 819 1150 —
843 1123 868 1172 ξ
893 1123 978 1161 203
1014 1125 1169 1176 ψυχῆς
1191 1145 1247 1150 -
1272 1115 1620 1176 ὑποβαλόντων·
1654 1125 1809 1176 ψυχῆς

124 1192 246 1250 ἔχειν
291 1199 426 1236 τοῦτο
473 1192 694 1249 μερισμὸν
735 1192 852 1248 πρὸς
894 1191 1036 1248 ἄλλην
1079 1193 1237 1249 χώραν
1276 1190 1505 1250 ὑπέλαβεν
1548 1191 1715 1236 Euscb.
1750 1219 1807 1224 —

121 1272 146 1320 ξ
178 1271 263 1310 203
302 1266 331 1322 ἡ
371 1265 500 1323 ψυχή
542 1280 630 1311 om.
671 1266 839 1310 Euseb.
882 1266 1015 1310 codd.
1059 1265 1159 1309 BG.
1202 1293 1256 1298 —
1297 1271 1322 1320 ξ
1353 1270 1439 1309 203
1482 1267 1805 1322 διακρυθεῖσα·

122 1342 453 1396 διακριθεῖσαν
468 1341 517 1385 L.
538 1367 592 1372 —
611 1346 636 1394 ς
654 1345 739 1384 203
766 1340 843 1384 ἐπὶ
857 1347 992 1384 πᾶσι·
1020 1339 1230 1385 ἐπίτασιν
1244 1340 1295 1384 L.
1315 1366 1370 1372 —
1387 1346 1413 1394 ξ
1430 1345 1516 1383 204
1533 1337 1805 1396 ἐπέτρεψεν·

121 1413 369 1471 ἐπέτρεπεν
407 1414 457 1458 L.
493 1442 548 1446 —
580 1421 605 1469 ξ
637 1419 724 1458 204
762 1414 982 1472 συνάγειν
1011 1414 1070 1470 L,
1111 1417 1342 1459 συντελεῖν
1372 1413 1540 1458 Euseb.
1575 1441 1630 1447 —-
1663 1419 1688 1468 ξ
1720 1418 1807 1457 204

120 1487 226 1544 περί
258 1505 306 1532 τε
338 1515 393 1520 -
427 1485 807 1544 ἀναστρέφεσθαι
835 1488 886 1544 L,
919 1487 975 1531 τὰ
1007 1489 1113 1543 περὶ
1143 1488 1252 1538 τοὺς
1282 1485 1454 1544 νόμους
1475 1487 1644 1532 Euseb.
1671 1488 1805 1532 codd.

119 1562 228 1618 BG,
261 1563 342 1606 καὶ
364 1562 422 1606 τὰ
445 1563 552 1618 περὶ
575 1563 684 1612 τοὺς
706 1560 878 1618 νόμους
899 1561 980 1605 Ns.
1007 1588 1062 1593 —
1088 1567 1113 1615 ἓ
1137 1566 1223 1604 205
1250 1560 1511 1618 ἐπιφανῶν·
1539 1563 1809 1618 corruptum

119 1635 200 1680 Ns.
235 1662 290 1668 —
324 1642 348 1690 ξ
380 1640 465 1679 205
497 1642 737 1691 παριοῦσι·
769 1642 981 1691 περιοῦσι
1011 1635 1061 1678 L.
1095 1661 1150 1666 —
1183 1640 1207 1688 ξ
1232 1639 1317 1678 205
1349 1632 1652 1691 θαπτομένου
1682 1634 1810 1687 τινός

120 1723 207 1754 om.
241 1709 408 1754 Euseb.
443 1709 576 1753 codd.
610 1708 711 1752 BG.
745 1736 800 1740 —
834 1713 975 1763 §205
1018 1712 1282 1753 συνελθεῖν·
1321 1712 1598 1765 προσελθεῖν
1636 1709 1808 1755 Euseb.

119 1811 175 1816 —
207 1789 232 1838 ξ
272 1788 356 1827 205
400 1781 588 1839 ἐποίησε
635 1780 852 1839 νόμιμον·
901 1797 989 1827 om.
1029 1782 1198 1826 Euseb.
1240 1783 1372 1827 codd.
1414 1781 1515 1828 BG.
1558 1810 1613 1816 —
1654 1788 1678 1837 ξ
1719 1789 1804 1828 205

118 1855 390 1913 καθαίρειν·
425 1854 746 1911 καθαίρεσθαι
776 1856 826 1901 L.
854 1883 909 1889 —-
934 1862 959 1910 ξ
991 1861 1076 1900 205
1109 1854 1360 1912 καθαίρειν
1392 1854 1463 1900 δέ·
1499 1857 1605 1901 add.
1632 1858 1807 1902 κελεύει

119 1931 265 1975 LLa‘c.
293 1958 348 1964 —
382 1936 407 1985 ξ
432 1934 517 1974 205
548 1931 629 1974 καὶ
660 1930 743 1974 τὸν
774 1926 905 1975 οἷκον
937 1944 1025 1974 om.
1050 1930 1198 1974 LLat.
1225 1957 1279 1963 —
1305 1936 1330 1984 ξ
1354 1935 1439 1974 205
1472 1930 1663 1986 κήδους·
1697 1932 1805 1975 add.

118 2004 176 2049 L:
210 2003 291 2048 διὰ
320 2005 403 2049 τὸν
436 2001 718 2061 μετελθόντα
748 2010 830 2047 τοῦ
863 2002 981 2061 βίου.
1016 2031 1071 2037 —-
1104 2010 1129 2058 ἓ
1161 2009 1245 2047 205
1278 2004 1492 2060 καθαρὸς
1523 2031 1578 2036 ——
1611 2004 1809 2063 ἐργασά-

119 2094 274 2134 μενος·
326 2079 496 2129 αὐτοὺς
544 2079 790 2134 καθαροὺς
832 2074 975 2122 εἶναι·
1023 2075 1093 2128 τίς
1135 2075 1187 2120 δὲ
1230 2075 1382 2133 φόνον
1425 2076 1746 2135 ἐργασάμενος
1776 2077 1806 2136 ἢ

117 2151 237 2197 ἑκὼν
268 2150 296 2208 ἢ
330 2151 478 2197 ἄκων·
512 2150 622 2196 οὐδὲ
652 2151 738 2208 τὴν
768 2151 885 2207 πρὸς
914 2151 1095 2202 τούτοις
1125 2151 1446 2208 ἀπεσιώπησεν
1477 2150 1538 2197 ἂν
1569 2150 1808 2210 ἐκδίκησιν

116 2225 167 2270 L.
195 2253 249 2258 ——
275 2231 299 2279 ξ
325 2230 409 2269 205
442 2225 521 2270 ἵνα
546 2253 602 2258 -
628 2225 940 2283 ἐργασάμενος
971 2225 1061 2268 del.
1084 2225 1235 2269 Hch.
1262 2251 1319 2257 —
1351 2231 1376 2279 ξ
1401 2230 1486 2269 206
1518 2225 1805 2272 ἐλλείποντα·

118 2297 388 2344 ἐκκλίνοντα
412 2299 462 2343 L.
491 2326 546 2332 —
571 2305 596 2354 ξ
621 2303 707 2343 206
731 2296 1122 2356 λευσθησόμενον·
1155 2297 1565 2356 λιθασθησόμενον
1587 2301 1638 2358 L,
1663 2318 1807 2345 κατα-

116 2372 491 2430 λευσθησόμενον
515 2372 624 2417 Cob.
652 2400 707 2405 —
732 2379 757 2428 ξ
781 2377 868 2417 206
898 2371 1212 2429 παραδίδωσι·
1244 2371 1602 2429 παραδίδοσθαι
1633 2375 1805 2420 κελεύει

118 2446 168 2490 L.
212 2474 267 2479 —
308 2452 332 2501 ξ
364 2452 450 2491 206
497 2445 828 2506 πρεσβυτέρου·
877 2444 1208 2505 πρεσβυτερίου
1250 2447 1300 2492 L.
1335 2475 1390 2480 -—
1430 2453 1455 2502 ξ
1488 2453 1573 2492 207
1621 2447 1805 2505 φιλίαν·

117 2520 224 2564 add.
258 2521 333 2564 δεῖ
360 2521 409 2565 L.
445 2548 500 2553 —
532 2526 557 2575 ξ
590 2526 676 2564 207
708 2521 884 2566 τούτων
915 2519 1158 2579 ἀπόρρητα
1189 2521 1374 2578 Euseb.,
1405 2521 1675 2579 τάπόρρητα
1705 2522 1805 2579 Ns„

110 2594 167 2638 τὸ
214 2594 411 2650 ἀπορεῖν
457 2591 736 2652 παραλέγειν
774 2594 823 2638 L.
866 2621 922 2628 —
962 2599 987 2648 ξ
1018 2599 1104 2639 207
1152 2603 1383 2652 περιορῶν
1422 2623 1478 2628 -
1510 2596 1803 2648 ὑπεύθυνος·

110 2674 340 2723 περιορᾶν
362 2668 445 2712 καὶ
466 2675 548 2712 τοῦ
573 2669 773 2726 βοηθεῖν
796 2668 847 2713 ἐν
872 2665 942 2719 οἷς
963 2669 1235 2720 ὑπεύθυνος
1252 2669 1302 2714 L.
1322 2697 1377 2702 —
1402 2675 1426 2724 ξ
1443 2674 1529 2713 207
1552 2677 1804 2726 περιορῶν·

114 2749 336 2797 παρορῶν
372 2741 523 2786 Herw.
557 2769 613 2774 —
645 2748 670 2796 ξ
703 2747 788 2787 208
827 2740 1039 2794 οὐδενός·
1085 2743 1170 2800 οὐχ
1208 2743 1257 2788 L.
1293 2770 1348 2776 -
1380 2749 1406 2798 ξ
1438 2748 1523 2787 208
1562 2741 1803 2796 δανείσας·

115 2830 204 2859 om.
228 2814 399 2860 Euseb.
426 2816 558 2860 codd.
584 2815 684 2860 BG.
719 2843 775 2849 ——-
806 2822 831 2871 ἓ
856 2820 942 2860 208
965 2822 1113 2861 ταῦτα
1138 2844 1193 2849 -
1218 2815 1492 2863 κοινωνίαν·
1527 2831 1614 2861 om.
1634 2817 1804 2862 Euseb.

116 2888 217 2933 cod.
249 2887 302 2933 G.
338 2916 394 2922 —
425 2895 451 2944 ξ
482 2894 569 2934 209
609 2888 899 2946 ἐφρόντισεν·
946 2889 1205 2948 ἐφρόνησεν
1235 2890 1286 2935 L.
1319 2918 1375 2924 —
1408 2897 1433 2946 g
1465 2896 1550 2936 209
1583 2899 1806 2948 φανεῖται
