2032 3128
702 116 912 160 ΛΟΓΟΣ
943 117 1243 159 ΠΕΜΠΤοΣ
1778 118 1812 170 5

134 253 429 320 πολεμιόυς
467 249 741 321 ἀνῄρουν,
779 248 871 303 καὶ
909 252 1083 318 μόνον
1124 251 1415 319 ὡμονόουν
1454 253 1514 304 τὸ
1554 252 1816 320 φονεύειν

136 343 265 402 τοὺς
304 342 572 408 σωτηρίας
611 337 808 402 ἀξίους.
884 338 1027 406 <31>
1075 337 1166 390 καὶ
1204 347 1314 391 τῶν
1353 336 1454 407 μὲν
1493 337 1816 408 μαχομένων

135 428 484 490 ἀδιάλειπτος
537 423 608 495 ἦν
662 426 696 494 ἡ
747 427 957 495 κραυγὴ
1013 425 1136 495 μεθ’
1193 425 1402 495 ἡμέραν
1447 447 1504 480 τε
1550 426 1638 480 καὶ
1687 429 1817 480 νύκ-

133 537 268 585 τωρ,
312 517 457 584 <32>
498 517 802 584 δεινότεροι
843 512 891 567 δ’
938 516 997 567 οἱ
1030 523 1141 568 τῶν
1178 516 1544 568 πενθούντων
1583 514 1818 585 ὀδυρμοὶ

90 627 110 659 5
135 604 236 657 ἀεί.
304 602 395 656 καὶ
432 605 663 674 θρήνων
707 600 809 672 μὲν
848 604 1024 665 αι’τιάς
1063 602 1404 672 ἐπαλλήλους
1442 604 1503 655 αἱ
1537 603 1818 674 συμφοραὶ

134 691 509 763 προσέφερον,
559 693 654 754 τὰς
702 687 752 743 δ’
799 692 1038 760 οἰμωγὰς
1086 689 1357 745 ἐνέκλειεν
1404 692 1437 760 ἡ
1490 692 1820 760 κατάπληξις

135 782 334 834 αὐτῶν.
410 781 745 850 φιμούμενοι
794 777 855 832 δὲ
902 780 967 832 τά
1014 799 1074 847 γε
1122 781 1275 848 πάθη
1322 787 1397 850 τῷ
1443 783 1601 853 φόβῳ
1651 800 1819 850 μεμυ-

134 873 256 923 κόσι
289 878 402 931 τοῖς
434 878 759 937 στεναγμοῖς
792 868 1196 937 ἐβασανίζοντο,
1235 869 1380 938 <33>
1404 867 1494 921 καὶ
1527 870 1652 922 οὔτε
1683 870 1821 938 πρὸς

134 961 263 1020 τοὺς
304 960 507 1021 ζῶντας
536 954 607 1025 ἧν
640 958 810 1019 αι’δὼς
849 959 928 1009 ἔτι
966 967 1080 1019 τοϊς
1119 959 1496 1026 προσήκουσιν
1529 958 1655 1010 οὔτε
1686 959 1821 1026 πρό-

9 1071 12 1075 <
70 1069 112 1100 ιο
135 1067 263 1100 νοια
313 1055 423 1099 τῶν
475 1046 844 1099 ἀπολωλότων
895 1054 1085 1114 ταφῆς.
1163 1051 1341 1098 αἴτιον
1393 1044 1444 1099 δ’
1496 1044 1821 1115 ἀμφοτέρων

130 1136 168 1203 ’ἡ
216 1133 344 1188 καθ’
401 1133 598 1188 ἑαυτὸν
650 1134 963 1202 ἀπόγνωσις
1014 1133 1266 1188 ἑκάστου·
1318 1138 1664 1205 παρείθησαν
1716 1135 1821 1201 γὰρ

135 1226 214 1287 εἰς
250 1224 427 1276 πάντα
463 1224 560 1286 τὰς
597 1226 915 1293 προθυμίας
954 1224 1012 1276 οί
1046 1223 1120 1292 μὴ
1161 1224 1539 1288 στασιάζοντες
1578 1224 1652 1285 ὡς
1690 1222 1823 1276 ἀπο-

137 1314 399 1381 λούμενοι
459 1313 678 1374 πάντως
739 1312 873 1365 ὅσον
936 1313 1105 1365 οὔπω.
1193 1312 1340 1381 <34>
1392 1319 1692 1372 πατοῦντες
1754 1312 1822 1379 δὴ

136 1404 266 1464 τοὺς
315 1404 547 1469 νεκροὺς
597 1398 678 1453 ἐπ’
734 1401 992 1468 ἀλλήλοις
1044 1399 1491 1470 σεσωρευμένους
1538 1401 1596 1454 οὗ
1642 1414 1825 1452 στασι-

70 1511 112 1543 15
138 1489 297 1542 ασταὶ
351 1488 775 1558 συνεπλέκοντο,
829 1488 920 1542 καὶ
973 1491 1075 1557 τὴν
1130 1489 1399 1549 ἀπόνοιαν
1446 1488 1552 1543 ἀπὸ
1603 1498 1714 1541 τῶν
1765 1488 1825 1541 ἐν

135 1578 266 1632 ποσὶ
304 1578 612 1647 πτωμάτων
645 1586 886 1641 σπῶντες
916 1574 1058 1646 ἦσαν
1091 1578 1434 1648 ἀγριώτεροι·
1483 1578 1628 1646 <35>
1660 1591 1828 1647 προσ-

138 1666 546 1738 εξευρίσκοντες
608 1663 658 1719 δ’
715 1666 805 1719 ἀεί
861 1686 912 1719 τι
973 1664 1101 1719 καθ’
1168 1668 1352 1720 αὑτῶν
1415 1666 1678 1734 ὀλέθριον
1735 1663 1826 1719 καὶ

135 1763 248 1809 πᾶν
298 1758 359 1809 τὸ
413 1753 621 1825 δοχθὲν
674 1755 912 1825 ἀφειδῶς
963 1757 1203 1825 δρῶντες
1253 1756 1520 1825 οὐδεμίαν
1572 1754 1696 1809 οὔτ’
1746 1756 1828 1807 αι’-

139 1848 259 1908 κίας
320 1845 455 1898 ὁδὸν
519 1842 634 1898 οὔτ’
698 1846 977 1914 ὠμότητος
1037 1843 1357 1913 παρέλιπον.
1435 1844 1581 1913 <36>
1643 1842 1830 1911 ἀμέλει

4 1948 12 1952 ”
72 1955 116 1987 20
135 1929 395 2002 Ἰωάννης
449 1935 550 2002 τὴν
616 1934 771 2003 ἱερὰν
833 1934 974 2001 ὕλην
1037 1935 1115 1995 είς
1176 1936 1616 2002 πολεμιστηρίων
1667 1952 1830 1985 κατα-

140 2023 342 2090 σκευὴν
375 2023 631 2091 ὀργάνων
663 2023 1020 2092 ἀπεχρήσατο.
1089 2021 1258 2086 δόξαν
1291 2022 1395 2090 γάρ
1434 2041 1564 2075 ποτε
1599 2028 1674 2092 τῷ
1715 2025 1829 2092 λαῷ

138 2111 230 2164 καὶ
277 2121 393 2174 τοῖς
444 2111 792 2182 ἀρχιερεῦσιν
831 2111 1301 2181 ὑποστηρίξαντας
1338 2112 1437 2164 τὸν
1475 2111 1616 2163 ναὸν
1656 2115 1831 2163 εἴκοσι

137 2203 328 2270 πήχεις
380 2209 773 2269 προσυψῶσαι,
826 2200 1051 2268 κατάγει
1108 2197 1210 2268 μὲν
1265 2199 1371 2253 ἀπὸ
1427 2208 1527 2252 τοῦ
1577 2199 1830 2268 Λιβάνου

139 2292 416 2358 μεγίστοις
467 2288 788 2359 ἀναλώμασι
837 2288 929 2342 καὶ
979 2291 1173 2351 πόνοις
1217 2289 1319 2356 τὴν
1366 2290 1639 2358 χρήσιμον
1689 2287 1831 2355 ὕλην

74 2399 116 2432 25
143 2379 172 2432 ὁ
213 2380 473 2447 βασιλεὺς
513 2374 844 2447 Ἀγρίππας,
891 2378 1028 2441 ξύλα
1073 2377 1207 2441 θέας
1254 2377 1378 2442 ἄξια
1423 2379 1524 2445 τήν
1571 2375 1620 2429 τ’
1663 2376 1833 2428 εὐθύ-

138 2486 273 2536 τητα
323 2466 413 2520 καὶ
465 2468 526 2520 τὸ
578 2466 840 2535 μέγεθος,
902 2466 1048 2536 <37>
1088 2468 1570 2536 μεσολαβήσαντος
1621 2463 1682 2518 δὲ
1731 2470 1832 2517 τοῦ

139 2555 385 2625 πολέμου
438 2551 708 2625 τοῦργον,
764 2556 793 2610 ὁ
843 2553 1105 2623 Ἰωάννης
1158 2556 1338 2624 τεμὼν
1393 2554 1531 2607 αὐτὰ
1585 2554 1834 2622 πύργους

139 2646 560 2712 κατεσκεύαζεν,
615 2643 880 2713 ἐξαρκοῦν
935 2646 997 2697 τὸ
1053 2652 1225 2713 μῆκος
1279 2644 1460 2713 εὑρὼν
1514 2643 1652 2712 πρὸς
1704 2643 1835 2703 τοὺς

139 2733 247 2788 ἀπὸ
294 2740 394 2786 τοῦ
439 2734 801 2802 καθύπερθεν
842 2734 996 2801 ἱεροῦ
1035 2731 1404 2803 μαχομένους·
1467 2731 1612 2800 <38>
1652 2731 1841 2798 ἵστησί

73 2841 117 2873 30
139 2842 197 2876 τε
258 2823 628 2892 προσαγαγὼν
689 2824 922 2874 κατόπιν
983 2830 1084 2875 τοῦ
1145 2823 1480 2891 περιβόλου,
1541 2826 1638 2887 τῆς
1697 2819 1836 2888 πρὸς

141 2912 306 2965 δύσιν
367 2909 589 2981 ἐξέδρας
650 2912 942 2980 ἄντικρυς,
1009 2904 1150 2981 ᾗπερ
1220 2908 1310 2962 καὶ
1381 2911 1523 2979 μόνη
1594 2908 1836 2961 δυνατὸν
